%YAML 1.1
%TAG !u! tag:unity3d.com,2011:
--- !u!1 &5427172537154161986
GameObject:
  m_ObjectHideFlags: 0
  m_CorrespondingSourceObject: {fileID: 0}
  m_PrefabInstance: {fileID: 0}
  m_PrefabAsset: {fileID: 0}
  serializedVersion: 6
  m_Component:
  - component: {fileID: 5249399246824320019}
  - component: {fileID: 3295541143024696221}
  - component: {fileID: 40567794607083012}
  m_Layer: 5
  m_Name: TextTitle
  m_TagString: Untagged
  m_Icon: {fileID: 0}
  m_NavMeshLayer: 0
  m_StaticEditorFlags: 0
  m_IsActive: 1
--- !u!224 &5249399246824320019
RectTransform:
  m_ObjectHideFlags: 0
  m_CorrespondingSourceObject: {fileID: 0}
  m_PrefabInstance: {fileID: 0}
  m_PrefabAsset: {fileID: 0}
  m_GameObject: {fileID: 5427172537154161986}
  m_LocalRotation: {x: 0, y: 0, z: 0, w: 1}
  m_LocalPosition: {x: 0, y: 0, z: 0}
  m_LocalScale: {x: 1, y: 1, z: 1}
  m_Children: []
  m_Father: {fileID: 1992429397463287737}
  m_RootOrder: 0
  m_LocalEulerAnglesHint: {x: 0, y: 0, z: 0}
  m_AnchorMin: {x: 0.5, y: 1}
  m_AnchorMax: {x: 0.5, y: 1}
  m_AnchoredPosition: {x: 0.0000038146973, y: -34}
  m_SizeDelta: {x: 410.7799, y: 89.87732}
  m_Pivot: {x: 0.5, y: 1}
--- !u!222 &3295541143024696221
CanvasRenderer:
  m_ObjectHideFlags: 0
  m_CorrespondingSourceObject: {fileID: 0}
  m_PrefabInstance: {fileID: 0}
  m_PrefabAsset: {fileID: 0}
  m_GameObject: {fileID: 5427172537154161986}
  m_CullTransparentMesh: 1
--- !u!114 &40567794607083012
MonoBehaviour:
  m_ObjectHideFlags: 0
  m_CorrespondingSourceObject: {fileID: 0}
  m_PrefabInstance: {fileID: 0}
  m_PrefabAsset: {fileID: 0}
  m_GameObject: {fileID: 5427172537154161986}
  m_Enabled: 1
  m_EditorHideFlags: 0
  m_Script: {fileID: 11500000, guid: f4688fdb7df04437aeb418b961361dc5, type: 3}
  m_Name: 
  m_EditorClassIdentifier: 
  m_Material: {fileID: 0}
  m_Color: {r: 1, g: 1, b: 1, a: 1}
  m_RaycastTarget: 1
  m_RaycastPadding: {x: 0, y: 0, z: 0, w: 0}
  m_Maskable: 1
  m_OnCullStateChanged:
    m_PersistentCalls:
      m_Calls: []
  m_text: 'Settings

'
  m_isRightToLeft: 0
  m_fontAsset: {fileID: 11400000, guid: 8f586378b4e144a9851e7b34d9b748ee, type: 2}
  m_sharedMaterial: {fileID: 2180264, guid: 8f586378b4e144a9851e7b34d9b748ee, type: 2}
  m_fontSharedMaterials: []
  m_fontMaterial: {fileID: 0}
  m_fontMaterials: []
  m_fontColor32:
    serializedVersion: 2
    rgba: 4278190080
  m_fontColor: {r: 0, g: 0, b: 0, a: 1}
  m_enableVertexGradient: 0
  m_colorMode: 3
  m_fontColorGradient:
    topLeft: {r: 1, g: 1, b: 1, a: 1}
    topRight: {r: 1, g: 1, b: 1, a: 1}
    bottomLeft: {r: 1, g: 1, b: 1, a: 1}
    bottomRight: {r: 1, g: 1, b: 1, a: 1}
  m_fontColorGradientPreset: {fileID: 0}
  m_spriteAsset: {fileID: 0}
  m_tintAllSprites: 0
  m_StyleSheet: {fileID: 0}
  m_TextStyleHashCode: -1183493901
  m_overrideHtmlColors: 0
  m_faceColor:
    serializedVersion: 2
    rgba: 4294967295
  m_fontSize: 36
  m_fontSizeBase: 36
  m_fontWeight: 400
  m_enableAutoSizing: 0
  m_fontSizeMin: 18
  m_fontSizeMax: 72
  m_fontStyle: 1
  m_HorizontalAlignment: 2
  m_VerticalAlignment: 512
  m_textAlignment: 65535
  m_characterSpacing: 0
  m_wordSpacing: 0
  m_lineSpacing: 0
  m_lineSpacingMax: 0
  m_paragraphSpacing: 0
  m_charWidthMaxAdj: 0
  m_enableWordWrapping: 1
  m_wordWrappingRatios: 0.4
  m_overflowMode: 0
  m_linkedTextComponent: {fileID: 0}
  parentLinkedComponent: {fileID: 0}
  m_enableKerning: 1
  m_enableExtraPadding: 0
  checkPaddingRequired: 0
  m_isRichText: 1
  m_parseCtrlCharacters: 1
  m_isOrthographic: 1
  m_isCullingEnabled: 0
  m_horizontalMapping: 0
  m_verticalMapping: 0
  m_uvLineOffset: 0
  m_geometrySortingOrder: 0
  m_IsTextObjectScaleStatic: 0
  m_VertexBufferAutoSizeReduction: 0
  m_useMaxVisibleDescender: 1
  m_pageToDisplay: 1
  m_margin: {x: 0, y: 0, z: 0, w: 0}
  m_isUsingLegacyAnimationComponent: 0
  m_isVolumetricText: 0
  m_hasFontAssetChanged: 0
  m_baseMaterial: {fileID: 0}
  m_maskOffset: {x: 0, y: 0, z: 0, w: 0}
--- !u!1001 &1110739814586928844
PrefabInstance:
  m_ObjectHideFlags: 0
  serializedVersion: 2
  m_Modification:
    m_TransformParent: {fileID: 1992429397463287737}
    m_Modifications:
    - target: {fileID: 4086537233045433547, guid: 244289cca11584802b2aaaa876d59c45, type: 3}
      propertyPath: m_Name
      value: SettingsSwitch_Music
      objectReference: {fileID: 0}
    - target: {fileID: 5234431202253664005, guid: 244289cca11584802b2aaaa876d59c45, type: 3}
      propertyPath: m_Pivot.x
      value: 0.5
      objectReference: {fileID: 0}
    - target: {fileID: 5234431202253664005, guid: 244289cca11584802b2aaaa876d59c45, type: 3}
      propertyPath: m_Pivot.y
      value: 0.5
      objectReference: {fileID: 0}
    - target: {fileID: 5234431202253664005, guid: 244289cca11584802b2aaaa876d59c45, type: 3}
      propertyPath: m_RootOrder
      value: 1
      objectReference: {fileID: 0}
    - target: {fileID: 5234431202253664005, guid: 244289cca11584802b2aaaa876d59c45, type: 3}
      propertyPath: m_AnchorMax.x
      value: 0.5
      objectReference: {fileID: 0}
    - target: {fileID: 5234431202253664005, guid: 244289cca11584802b2aaaa876d59c45, type: 3}
      propertyPath: m_AnchorMax.y
      value: 0.5
      objectReference: {fileID: 0}
    - target: {fileID: 5234431202253664005, guid: 244289cca11584802b2aaaa876d59c45, type: 3}
      propertyPath: m_AnchorMin.x
      value: 0.5
      objectReference: {fileID: 0}
    - target: {fileID: 5234431202253664005, guid: 244289cca11584802b2aaaa876d59c45, type: 3}
      propertyPath: m_AnchorMin.y
      value: 0.5
      objectReference: {fileID: 0}
    - target: {fileID: 5234431202253664005, guid: 244289cca11584802b2aaaa876d59c45, type: 3}
      propertyPath: m_SizeDelta.x
      value: 448.8951
      objectReference: {fileID: 0}
    - target: {fileID: 5234431202253664005, guid: 244289cca11584802b2aaaa876d59c45, type: 3}
      propertyPath: m_SizeDelta.y
      value: 100
      objectReference: {fileID: 0}
    - target: {fileID: 5234431202253664005, guid: 244289cca11584802b2aaaa876d59c45, type: 3}
      propertyPath: m_LocalPosition.x
      value: 0
      objectReference: {fileID: 0}
    - target: {fileID: 5234431202253664005, guid: 244289cca11584802b2aaaa876d59c45, type: 3}
      propertyPath: m_LocalPosition.y
      value: 0
      objectReference: {fileID: 0}
    - target: {fileID: 5234431202253664005, guid: 244289cca11584802b2aaaa876d59c45, type: 3}
      propertyPath: m_LocalPosition.z
      value: 0
      objectReference: {fileID: 0}
    - target: {fileID: 5234431202253664005, guid: 244289cca11584802b2aaaa876d59c45, type: 3}
      propertyPath: m_LocalRotation.w
      value: 1
      objectReference: {fileID: 0}
    - target: {fileID: 5234431202253664005, guid: 244289cca11584802b2aaaa876d59c45, type: 3}
      propertyPath: m_LocalRotation.x
      value: 0
      objectReference: {fileID: 0}
    - target: {fileID: 5234431202253664005, guid: 244289cca11584802b2aaaa876d59c45, type: 3}
      propertyPath: m_LocalRotation.y
      value: 0
      objectReference: {fileID: 0}
    - target: {fileID: 5234431202253664005, guid: 244289cca11584802b2aaaa876d59c45, type: 3}
      propertyPath: m_LocalRotation.z
      value: 0
      objectReference: {fileID: 0}
    - target: {fileID: 5234431202253664005, guid: 244289cca11584802b2aaaa876d59c45, type: 3}
      propertyPath: m_AnchoredPosition.x
      value: 0.000015259
      objectReference: {fileID: 0}
    - target: {fileID: 5234431202253664005, guid: 244289cca11584802b2aaaa876d59c45, type: 3}
      propertyPath: m_AnchoredPosition.y
      value: 140
      objectReference: {fileID: 0}
    - target: {fileID: 5234431202253664005, guid: 244289cca11584802b2aaaa876d59c45, type: 3}
      propertyPath: m_LocalEulerAnglesHint.x
      value: 0
      objectReference: {fileID: 0}
    - target: {fileID: 5234431202253664005, guid: 244289cca11584802b2aaaa876d59c45, type: 3}
      propertyPath: m_LocalEulerAnglesHint.y
      value: 0
      objectReference: {fileID: 0}
    - target: {fileID: 5234431202253664005, guid: 244289cca11584802b2aaaa876d59c45, type: 3}
      propertyPath: m_LocalEulerAnglesHint.z
      value: 0
      objectReference: {fileID: 0}
    m_RemovedComponents: []
  m_SourcePrefab: {fileID: 100100000, guid: 244289cca11584802b2aaaa876d59c45, type: 3}
--- !u!1001 &6120200073623043027
PrefabInstance:
  m_ObjectHideFlags: 0
  serializedVersion: 2
  m_Modification:
    m_TransformParent: {fileID: 1992429397463287737}
    m_Modifications:
    - target: {fileID: 1487875395296229853, guid: 0115beab047bf4089be15e9949b1ba44, type: 3}
      propertyPath: m_Pivot.x
      value: 0.5
      objectReference: {fileID: 0}
    - target: {fileID: 1487875395296229853, guid: 0115beab047bf4089be15e9949b1ba44, type: 3}
      propertyPath: m_Pivot.y
      value: 0.5
      objectReference: {fileID: 0}
    - target: {fileID: 1487875395296229853, guid: 0115beab047bf4089be15e9949b1ba44, type: 3}
      propertyPath: m_RootOrder
      value: 2
      objectReference: {fileID: 0}
    - target: {fileID: 1487875395296229853, guid: 0115beab047bf4089be15e9949b1ba44, type: 3}
      propertyPath: m_AnchorMax.x
      value: 0.5
      objectReference: {fileID: 0}
    - target: {fileID: 1487875395296229853, guid: 0115beab047bf4089be15e9949b1ba44, type: 3}
      propertyPath: m_AnchorMax.y
      value: 0.5
      objectReference: {fileID: 0}
    - target: {fileID: 1487875395296229853, guid: 0115beab047bf4089be15e9949b1ba44, type: 3}
      propertyPath: m_AnchorMin.x
      value: 0.5
      objectReference: {fileID: 0}
    - target: {fileID: 1487875395296229853, guid: 0115beab047bf4089be15e9949b1ba44, type: 3}
      propertyPath: m_AnchorMin.y
      value: 0.5
      objectReference: {fileID: 0}
    - target: {fileID: 1487875395296229853, guid: 0115beab047bf4089be15e9949b1ba44, type: 3}
      propertyPath: m_SizeDelta.x
      value: 448.8951
      objectReference: {fileID: 0}
    - target: {fileID: 1487875395296229853, guid: 0115beab047bf4089be15e9949b1ba44, type: 3}
      propertyPath: m_SizeDelta.y
      value: 100
      objectReference: {fileID: 0}
    - target: {fileID: 1487875395296229853, guid: 0115beab047bf4089be15e9949b1ba44, type: 3}
      propertyPath: m_LocalPosition.x
      value: 0
      objectReference: {fileID: 0}
    - target: {fileID: 1487875395296229853, guid: 0115beab047bf4089be15e9949b1ba44, type: 3}
      propertyPath: m_LocalPosition.y
      value: 0
      objectReference: {fileID: 0}
    - target: {fileID: 1487875395296229853, guid: 0115beab047bf4089be15e9949b1ba44, type: 3}
      propertyPath: m_LocalPosition.z
      value: 0
      objectReference: {fileID: 0}
    - target: {fileID: 1487875395296229853, guid: 0115beab047bf4089be15e9949b1ba44, type: 3}
      propertyPath: m_LocalRotation.w
      value: 1
      objectReference: {fileID: 0}
    - target: {fileID: 1487875395296229853, guid: 0115beab047bf4089be15e9949b1ba44, type: 3}
      propertyPath: m_LocalRotation.x
      value: 0
      objectReference: {fileID: 0}
    - target: {fileID: 1487875395296229853, guid: 0115beab047bf4089be15e9949b1ba44, type: 3}
      propertyPath: m_LocalRotation.y
      value: 0
      objectReference: {fileID: 0}
    - target: {fileID: 1487875395296229853, guid: 0115beab047bf4089be15e9949b1ba44, type: 3}
      propertyPath: m_LocalRotation.z
      value: 0
      objectReference: {fileID: 0}
    - target: {fileID: 1487875395296229853, guid: 0115beab047bf4089be15e9949b1ba44, type: 3}
      propertyPath: m_AnchoredPosition.x
      value: 0.000015259
      objectReference: {fileID: 0}
    - target: {fileID: 1487875395296229853, guid: 0115beab047bf4089be15e9949b1ba44, type: 3}
      propertyPath: m_AnchoredPosition.y
      value: -19
      objectReference: {fileID: 0}
    - target: {fileID: 1487875395296229853, guid: 0115beab047bf4089be15e9949b1ba44, type: 3}
      propertyPath: m_LocalEulerAnglesHint.x
      value: 0
      objectReference: {fileID: 0}
    - target: {fileID: 1487875395296229853, guid: 0115beab047bf4089be15e9949b1ba44, type: 3}
      propertyPath: m_LocalEulerAnglesHint.y
      value: 0
      objectReference: {fileID: 0}
    - target: {fileID: 1487875395296229853, guid: 0115beab047bf4089be15e9949b1ba44, type: 3}
      propertyPath: m_LocalEulerAnglesHint.z
      value: 0
      objectReference: {fileID: 0}
    - target: {fileID: 7257509354217454099, guid: 0115beab047bf4089be15e9949b1ba44, type: 3}
      propertyPath: m_Name
      value: SettignsSwitch_Sound
      objectReference: {fileID: 0}
    m_RemovedComponents: []
  m_SourcePrefab: {fileID: 100100000, guid: 0115beab047bf4089be15e9949b1ba44, type: 3}
--- !u!1001 &6286234603289311736
PrefabInstance:
  m_ObjectHideFlags: 0
  serializedVersion: 2
  m_Modification:
    m_TransformParent: {fileID: 0}
    m_Modifications:
    - target: {fileID: 5520206892730993764, guid: f9eab2fd142b04f4aa2b8ec552500080, type: 3}
      propertyPath: m_Pivot.x
      value: 0.5
      objectReference: {fileID: 0}
    - target: {fileID: 5520206892730993764, guid: f9eab2fd142b04f4aa2b8ec552500080, type: 3}
      propertyPath: m_Pivot.y
      value: 0.5
      objectReference: {fileID: 0}
    - target: {fileID: 5520206892730993764, guid: f9eab2fd142b04f4aa2b8ec552500080, type: 3}
      propertyPath: m_RootOrder
      value: 0
      objectReference: {fileID: 0}
    - target: {fileID: 5520206892730993764, guid: f9eab2fd142b04f4aa2b8ec552500080, type: 3}
      propertyPath: m_AnchorMax.x
      value: 1
      objectReference: {fileID: 0}
    - target: {fileID: 5520206892730993764, guid: f9eab2fd142b04f4aa2b8ec552500080, type: 3}
      propertyPath: m_AnchorMax.y
      value: 1
      objectReference: {fileID: 0}
    - target: {fileID: 5520206892730993764, guid: f9eab2fd142b04f4aa2b8ec552500080, type: 3}
      propertyPath: m_AnchorMin.x
      value: 0
      objectReference: {fileID: 0}
    - target: {fileID: 5520206892730993764, guid: f9eab2fd142b04f4aa2b8ec552500080, type: 3}
      propertyPath: m_AnchorMin.y
      value: 0
      objectReference: {fileID: 0}
    - target: {fileID: 5520206892730993764, guid: f9eab2fd142b04f4aa2b8ec552500080, type: 3}
      propertyPath: m_SizeDelta.x
      value: 0
      objectReference: {fileID: 0}
    - target: {fileID: 5520206892730993764, guid: f9eab2fd142b04f4aa2b8ec552500080, type: 3}
      propertyPath: m_SizeDelta.y
      value: 0
      objectReference: {fileID: 0}
    - target: {fileID: 5520206892730993764, guid: f9eab2fd142b04f4aa2b8ec552500080, type: 3}
      propertyPath: m_LocalPosition.x
      value: 0
      objectReference: {fileID: 0}
    - target: {fileID: 5520206892730993764, guid: f9eab2fd142b04f4aa2b8ec552500080, type: 3}
      propertyPath: m_LocalPosition.y
      value: 0
      objectReference: {fileID: 0}
    - target: {fileID: 5520206892730993764, guid: f9eab2fd142b04f4aa2b8ec552500080, type: 3}
      propertyPath: m_LocalPosition.z
      value: 0
      objectReference: {fileID: 0}
    - target: {fileID: 5520206892730993764, guid: f9eab2fd142b04f4aa2b8ec552500080, type: 3}
      propertyPath: m_LocalRotation.w
      value: 1
      objectReference: {fileID: 0}
    - target: {fileID: 5520206892730993764, guid: f9eab2fd142b04f4aa2b8ec552500080, type: 3}
      propertyPath: m_LocalRotation.x
      value: 0
      objectReference: {fileID: 0}
    - target: {fileID: 5520206892730993764, guid: f9eab2fd142b04f4aa2b8ec552500080, type: 3}
      propertyPath: m_LocalRotation.y
      value: 0
      objectReference: {fileID: 0}
    - target: {fileID: 5520206892730993764, guid: f9eab2fd142b04f4aa2b8ec552500080, type: 3}
      propertyPath: m_LocalRotation.z
      value: 0
      objectReference: {fileID: 0}
    - target: {fileID: 5520206892730993764, guid: f9eab2fd142b04f4aa2b8ec552500080, type: 3}
      propertyPath: m_AnchoredPosition.x
      value: 0
      objectReference: {fileID: 0}
    - target: {fileID: 5520206892730993764, guid: f9eab2fd142b04f4aa2b8ec552500080, type: 3}
      propertyPath: m_AnchoredPosition.y
      value: 0
      objectReference: {fileID: 0}
    - target: {fileID: 5520206892730993764, guid: f9eab2fd142b04f4aa2b8ec552500080, type: 3}
      propertyPath: m_LocalEulerAnglesHint.x
      value: 0
      objectReference: {fileID: 0}
    - target: {fileID: 5520206892730993764, guid: f9eab2fd142b04f4aa2b8ec552500080, type: 3}
      propertyPath: m_LocalEulerAnglesHint.y
      value: 0
      objectReference: {fileID: 0}
    - target: {fileID: 5520206892730993764, guid: f9eab2fd142b04f4aa2b8ec552500080, type: 3}
      propertyPath: m_LocalEulerAnglesHint.z
      value: 0
      objectReference: {fileID: 0}
    - target: {fileID: 5520206892730993765, guid: f9eab2fd142b04f4aa2b8ec552500080, type: 3}
      propertyPath: m_Name
      value: Popup_Settings
      objectReference: {fileID: 0}
    m_RemovedComponents: []
  m_SourcePrefab: {fileID: 100100000, guid: f9eab2fd142b04f4aa2b8ec552500080, type: 3}
--- !u!1 &1992429398207706525 stripped
GameObject:
  m_CorrespondingSourceObject: {fileID: 5520206892730993765, guid: f9eab2fd142b04f4aa2b8ec552500080, type: 3}
  m_PrefabInstance: {fileID: 6286234603289311736}
  m_PrefabAsset: {fileID: 0}
--- !u!224 &1992429397463287737 stripped
RectTransform:
  m_CorrespondingSourceObject: {fileID: 5520206892398001729, guid: f9eab2fd142b04f4aa2b8ec552500080, type: 3}
  m_PrefabInstance: {fileID: 6286234603289311736}
  m_PrefabAsset: {fileID: 0}
--- !u!114 &1875285123343357720
MonoBehaviour:
  m_ObjectHideFlags: 0
  m_CorrespondingSourceObject: {fileID: 0}
  m_PrefabInstance: {fileID: 0}
  m_PrefabAsset: {fileID: 0}
  m_GameObject: {fileID: 1992429398207706525}
  m_Enabled: 1
  m_EditorHideFlags: 0
  m_Script: {fileID: 11500000, guid: 88f3e956dc564eeda982743c7bf296c3, type: 3}
  m_Name: 
  m_EditorClassIdentifier: 
--- !u!1001 &8175737776977768462
PrefabInstance:
  m_ObjectHideFlags: 0
  serializedVersion: 2
  m_Modification:
    m_TransformParent: {fileID: 1992429397463287737}
    m_Modifications:
    - target: {fileID: 309501122446281703, guid: b669a37f164e94a149ed24df420882c3, type: 3}
      propertyPath: m_Name
      value: Settings_PlayerName
      objectReference: {fileID: 0}
    - target: {fileID: 2745624815040050776, guid: b669a37f164e94a149ed24df420882c3, type: 3}
      propertyPath: m_fontSize
      value: 44.75
      objectReference: {fileID: 0}
    - target: {fileID: 2745624815040050776, guid: b669a37f164e94a149ed24df420882c3, type: 3}
      propertyPath: m_enableAutoSizing
      value: 1
      objectReference: {fileID: 0}
    - target: {fileID: 2745624815040050776, guid: b669a37f164e94a149ed24df420882c3, type: 3}
      propertyPath: m_enableWordWrapping
      value: 0
      objectReference: {fileID: 0}
    - target: {fileID: 8383931357187180585, guid: b669a37f164e94a149ed24df420882c3, type: 3}
      propertyPath: m_Pivot.x
      value: 0.5
      objectReference: {fileID: 0}
    - target: {fileID: 8383931357187180585, guid: b669a37f164e94a149ed24df420882c3, type: 3}
      propertyPath: m_Pivot.y
      value: 0.5
      objectReference: {fileID: 0}
    - target: {fileID: 8383931357187180585, guid: b669a37f164e94a149ed24df420882c3, type: 3}
      propertyPath: m_RootOrder
      value: 3
      objectReference: {fileID: 0}
    - target: {fileID: 8383931357187180585, guid: b669a37f164e94a149ed24df420882c3, type: 3}
      propertyPath: m_AnchorMax.x
      value: 0.5
      objectReference: {fileID: 0}
    - target: {fileID: 8383931357187180585, guid: b669a37f164e94a149ed24df420882c3, type: 3}
      propertyPath: m_AnchorMax.y
      value: 0.5
      objectReference: {fileID: 0}
    - target: {fileID: 8383931357187180585, guid: b669a37f164e94a149ed24df420882c3, type: 3}
      propertyPath: m_AnchorMin.x
      value: 0.5
      objectReference: {fileID: 0}
    - target: {fileID: 8383931357187180585, guid: b669a37f164e94a149ed24df420882c3, type: 3}
      propertyPath: m_AnchorMin.y
      value: 0.5
      objectReference: {fileID: 0}
    - target: {fileID: 8383931357187180585, guid: b669a37f164e94a149ed24df420882c3, type: 3}
      propertyPath: m_SizeDelta.x
      value: 611.3936
      objectReference: {fileID: 0}
    - target: {fileID: 8383931357187180585, guid: b669a37f164e94a149ed24df420882c3, type: 3}
      propertyPath: m_SizeDelta.y
      value: 128.2606
      objectReference: {fileID: 0}
    - target: {fileID: 8383931357187180585, guid: b669a37f164e94a149ed24df420882c3, type: 3}
      propertyPath: m_LocalPosition.x
      value: 0
      objectReference: {fileID: 0}
    - target: {fileID: 8383931357187180585, guid: b669a37f164e94a149ed24df420882c3, type: 3}
      propertyPath: m_LocalPosition.y
      value: 0
      objectReference: {fileID: 0}
    - target: {fileID: 8383931357187180585, guid: b669a37f164e94a149ed24df420882c3, type: 3}
      propertyPath: m_LocalPosition.z
      value: 0
      objectReference: {fileID: 0}
    - target: {fileID: 8383931357187180585, guid: b669a37f164e94a149ed24df420882c3, type: 3}
      propertyPath: m_LocalRotation.w
      value: 1
      objectReference: {fileID: 0}
    - target: {fileID: 8383931357187180585, guid: b669a37f164e94a149ed24df420882c3, type: 3}
      propertyPath: m_LocalRotation.x
      value: 0
      objectReference: {fileID: 0}
    - target: {fileID: 8383931357187180585, guid: b669a37f164e94a149ed24df420882c3, type: 3}
      propertyPath: m_LocalRotation.y
      value: 0
      objectReference: {fileID: 0}
    - target: {fileID: 8383931357187180585, guid: b669a37f164e94a149ed24df420882c3, type: 3}
      propertyPath: m_LocalRotation.z
      value: 0
      objectReference: {fileID: 0}
    - target: {fileID: 8383931357187180585, guid: b669a37f164e94a149ed24df420882c3, type: 3}
      propertyPath: m_AnchoredPosition.x
      value: 0.000015259
      objectReference: {fileID: 0}
    - target: {fileID: 8383931357187180585, guid: b669a37f164e94a149ed24df420882c3, type: 3}
      propertyPath: m_AnchoredPosition.y
      value: -355
      objectReference: {fileID: 0}
    - target: {fileID: 8383931357187180585, guid: b669a37f164e94a149ed24df420882c3, type: 3}
      propertyPath: m_LocalEulerAnglesHint.x
      value: 0
      objectReference: {fileID: 0}
    - target: {fileID: 8383931357187180585, guid: b669a37f164e94a149ed24df420882c3, type: 3}
      propertyPath: m_LocalEulerAnglesHint.y
      value: 0
      objectReference: {fileID: 0}
    - target: {fileID: 8383931357187180585, guid: b669a37f164e94a149ed24df420882c3, type: 3}
      propertyPath: m_LocalEulerAnglesHint.z
      value: 0
      objectReference: {fileID: 0}
    - target: {fileID: 9083221379272612709, guid: b669a37f164e94a149ed24df420882c3, type: 3}
      propertyPath: m_SizeDelta.x
      value: 379.7007
      objectReference: {fileID: 0}
    m_RemovedComponents: []
  m_SourcePrefab: {fileID: 100100000, guid: b669a37f164e94a149ed24df420882c3, type: 3}
