%YAML 1.1
%TAG !u! tag:unity3d.com,2011:
--- !u!1 &4352680663827538981
GameObject:
  m_ObjectHideFlags: 0
  m_CorrespondingSourceObject: {fileID: 0}
  m_PrefabInstance: {fileID: 0}
  m_PrefabAsset: {fileID: 0}
  serializedVersion: 6
  m_Component:
  - component: {fileID: 4352680663827538980}
  m_Layer: 5
  m_Name: Popups
  m_TagString: Untagged
  m_Icon: {fileID: 0}
  m_NavMeshLayer: 0
  m_StaticEditorFlags: 0
  m_IsActive: 1
--- !u!224 &4352680663827538980
RectTransform:
  m_ObjectHideFlags: 0
  m_CorrespondingSourceObject: {fileID: 0}
  m_PrefabInstance: {fileID: 0}
  m_PrefabAsset: {fileID: 0}
  m_GameObject: {fileID: 4352680663827538981}
  m_LocalRotation: {x: 0, y: 0, z: 0, w: 1}
  m_LocalPosition: {x: 0, y: 0, z: 0}
  m_LocalScale: {x: 1, y: 1, z: 1}
  m_Children:
  - {fileID: 2864663179198166065}
  - {fileID: 3126857448531396540}
  - {fileID: 9134538491157838203}
  m_Father: {fileID: 0}
  m_RootOrder: 0
  m_LocalEulerAnglesHint: {x: 0, y: 0, z: 0}
  m_AnchorMin: {x: 0, y: 0}
  m_AnchorMax: {x: 1, y: 1}
  m_AnchoredPosition: {x: 0, y: 0}
  m_SizeDelta: {x: 0, y: 0}
  m_Pivot: {x: 0.5, y: 0.5}
--- !u!1001 &4352680663886566385
PrefabInstance:
  m_ObjectHideFlags: 0
  serializedVersion: 2
  m_Modification:
    m_TransformParent: {fileID: 4352680663827538980}
    m_Modifications:
    - target: {fileID: 1065914189548123923, guid: f702ebe6f71244951b0824899c54aed4, type: 3}
      propertyPath: m_AnchorMax.y
      value: 0
      objectReference: {fileID: 0}
    - target: {fileID: 1065914189548123923, guid: f702ebe6f71244951b0824899c54aed4, type: 3}
      propertyPath: m_AnchorMin.y
      value: 0
      objectReference: {fileID: 0}
    - target: {fileID: 1065914189548123923, guid: f702ebe6f71244951b0824899c54aed4, type: 3}
      propertyPath: m_AnchoredPosition.x
      value: 0
      objectReference: {fileID: 0}
    - target: {fileID: 1065914189548123923, guid: f702ebe6f71244951b0824899c54aed4, type: 3}
      propertyPath: m_AnchoredPosition.y
      value: 0
      objectReference: {fileID: 0}
    - target: {fileID: 1658169400484959308, guid: f702ebe6f71244951b0824899c54aed4, type: 3}
      propertyPath: m_Name
      value: Popup_LevelInfo
      objectReference: {fileID: 0}
    - target: {fileID: 1658169400484959309, guid: f702ebe6f71244951b0824899c54aed4, type: 3}
      propertyPath: m_Pivot.x
      value: 0.5
      objectReference: {fileID: 0}
    - target: {fileID: 1658169400484959309, guid: f702ebe6f71244951b0824899c54aed4, type: 3}
      propertyPath: m_Pivot.y
      value: 0.5
      objectReference: {fileID: 0}
    - target: {fileID: 1658169400484959309, guid: f702ebe6f71244951b0824899c54aed4, type: 3}
      propertyPath: m_RootOrder
      value: 1
      objectReference: {fileID: 0}
    - target: {fileID: 1658169400484959309, guid: f702ebe6f71244951b0824899c54aed4, type: 3}
      propertyPath: m_AnchorMax.x
      value: 1
      objectReference: {fileID: 0}
    - target: {fileID: 1658169400484959309, guid: f702ebe6f71244951b0824899c54aed4, type: 3}
      propertyPath: m_AnchorMax.y
      value: 1
      objectReference: {fileID: 0}
    - target: {fileID: 1658169400484959309, guid: f702ebe6f71244951b0824899c54aed4, type: 3}
      propertyPath: m_AnchorMin.x
      value: 0
      objectReference: {fileID: 0}
    - target: {fileID: 1658169400484959309, guid: f702ebe6f71244951b0824899c54aed4, type: 3}
      propertyPath: m_AnchorMin.y
      value: 0
      objectReference: {fileID: 0}
    - target: {fileID: 1658169400484959309, guid: f702ebe6f71244951b0824899c54aed4, type: 3}
      propertyPath: m_SizeDelta.x
      value: 0
      objectReference: {fileID: 0}
    - target: {fileID: 1658169400484959309, guid: f702ebe6f71244951b0824899c54aed4, type: 3}
      propertyPath: m_SizeDelta.y
      value: 0
      objectReference: {fileID: 0}
    - target: {fileID: 1658169400484959309, guid: f702ebe6f71244951b0824899c54aed4, type: 3}
      propertyPath: m_LocalPosition.x
      value: 0
      objectReference: {fileID: 0}
    - target: {fileID: 1658169400484959309, guid: f702ebe6f71244951b0824899c54aed4, type: 3}
      propertyPath: m_LocalPosition.y
      value: 0
      objectReference: {fileID: 0}
    - target: {fileID: 1658169400484959309, guid: f702ebe6f71244951b0824899c54aed4, type: 3}
      propertyPath: m_LocalPosition.z
      value: 0
      objectReference: {fileID: 0}
    - target: {fileID: 1658169400484959309, guid: f702ebe6f71244951b0824899c54aed4, type: 3}
      propertyPath: m_LocalRotation.w
      value: 1
      objectReference: {fileID: 0}
    - target: {fileID: 1658169400484959309, guid: f702ebe6f71244951b0824899c54aed4, type: 3}
      propertyPath: m_LocalRotation.x
      value: 0
      objectReference: {fileID: 0}
    - target: {fileID: 1658169400484959309, guid: f702ebe6f71244951b0824899c54aed4, type: 3}
      propertyPath: m_LocalRotation.y
      value: 0
      objectReference: {fileID: 0}
    - target: {fileID: 1658169400484959309, guid: f702ebe6f71244951b0824899c54aed4, type: 3}
      propertyPath: m_LocalRotation.z
      value: 0
      objectReference: {fileID: 0}
    - target: {fileID: 1658169400484959309, guid: f702ebe6f71244951b0824899c54aed4, type: 3}
      propertyPath: m_AnchoredPosition.x
      value: 0
      objectReference: {fileID: 0}
    - target: {fileID: 1658169400484959309, guid: f702ebe6f71244951b0824899c54aed4, type: 3}
      propertyPath: m_AnchoredPosition.y
      value: 0
      objectReference: {fileID: 0}
    - target: {fileID: 1658169400484959309, guid: f702ebe6f71244951b0824899c54aed4, type: 3}
      propertyPath: m_LocalEulerAnglesHint.x
      value: 0
      objectReference: {fileID: 0}
    - target: {fileID: 1658169400484959309, guid: f702ebe6f71244951b0824899c54aed4, type: 3}
      propertyPath: m_LocalEulerAnglesHint.y
      value: 0
      objectReference: {fileID: 0}
    - target: {fileID: 1658169400484959309, guid: f702ebe6f71244951b0824899c54aed4, type: 3}
      propertyPath: m_LocalEulerAnglesHint.z
      value: 0
      objectReference: {fileID: 0}
    - target: {fileID: 1658169401313814120, guid: f702ebe6f71244951b0824899c54aed4, type: 3}
      propertyPath: m_AnchoredPosition.y
      value: -65.76611
      objectReference: {fileID: 0}
    - target: {fileID: 1834029543690824001, guid: f702ebe6f71244951b0824899c54aed4, type: 3}
      propertyPath: m_AnchorMax.y
      value: 0
      objectReference: {fileID: 0}
    - target: {fileID: 1834029543690824001, guid: f702ebe6f71244951b0824899c54aed4, type: 3}
      propertyPath: m_AnchorMin.y
      value: 0
      objectReference: {fileID: 0}
    - target: {fileID: 1834029543690824001, guid: f702ebe6f71244951b0824899c54aed4, type: 3}
      propertyPath: m_AnchoredPosition.x
      value: 0
      objectReference: {fileID: 0}
    - target: {fileID: 1834029543690824001, guid: f702ebe6f71244951b0824899c54aed4, type: 3}
      propertyPath: m_AnchoredPosition.y
      value: 0
      objectReference: {fileID: 0}
    - target: {fileID: 1900251239464577073, guid: f702ebe6f71244951b0824899c54aed4, type: 3}
      propertyPath: m_AnchorMax.y
      value: 0
      objectReference: {fileID: 0}
    - target: {fileID: 1900251239464577073, guid: f702ebe6f71244951b0824899c54aed4, type: 3}
      propertyPath: m_AnchorMin.y
      value: 0
      objectReference: {fileID: 0}
    - target: {fileID: 1900251239464577073, guid: f702ebe6f71244951b0824899c54aed4, type: 3}
      propertyPath: m_AnchoredPosition.x
      value: 0
      objectReference: {fileID: 0}
    - target: {fileID: 1900251239464577073, guid: f702ebe6f71244951b0824899c54aed4, type: 3}
      propertyPath: m_AnchoredPosition.y
      value: 0
      objectReference: {fileID: 0}
    - target: {fileID: 1932789819781971135, guid: f702ebe6f71244951b0824899c54aed4, type: 3}
      propertyPath: m_AnchorMax.x
      value: 0
      objectReference: {fileID: 0}
    - target: {fileID: 1932789819781971135, guid: f702ebe6f71244951b0824899c54aed4, type: 3}
      propertyPath: m_AnchorMax.y
      value: 0
      objectReference: {fileID: 0}
    - target: {fileID: 1932789819781971135, guid: f702ebe6f71244951b0824899c54aed4, type: 3}
      propertyPath: m_SizeDelta.y
      value: 0
      objectReference: {fileID: 0}
    - target: {fileID: 3413935077559701117, guid: f702ebe6f71244951b0824899c54aed4, type: 3}
      propertyPath: m_AnchorMax.x
      value: 0
      objectReference: {fileID: 0}
    - target: {fileID: 3413935077559701117, guid: f702ebe6f71244951b0824899c54aed4, type: 3}
      propertyPath: m_AnchorMax.y
      value: 0
      objectReference: {fileID: 0}
    - target: {fileID: 3413935077559701117, guid: f702ebe6f71244951b0824899c54aed4, type: 3}
      propertyPath: m_SizeDelta.x
      value: 0
      objectReference: {fileID: 0}
    - target: {fileID: 3413935077559701117, guid: f702ebe6f71244951b0824899c54aed4, type: 3}
      propertyPath: m_SizeDelta.y
      value: 0
      objectReference: {fileID: 0}
    - target: {fileID: 3640409678247161130, guid: f702ebe6f71244951b0824899c54aed4, type: 3}
      propertyPath: m_AnchorMax.y
      value: 0
      objectReference: {fileID: 0}
    - target: {fileID: 3640409678247161130, guid: f702ebe6f71244951b0824899c54aed4, type: 3}
      propertyPath: m_AnchorMin.y
      value: 0
      objectReference: {fileID: 0}
    - target: {fileID: 3640409678247161130, guid: f702ebe6f71244951b0824899c54aed4, type: 3}
      propertyPath: m_SizeDelta.x
      value: 0
      objectReference: {fileID: 0}
    - target: {fileID: 3640409678247161130, guid: f702ebe6f71244951b0824899c54aed4, type: 3}
      propertyPath: m_SizeDelta.y
      value: 0
      objectReference: {fileID: 0}
    - target: {fileID: 3640409678247161130, guid: f702ebe6f71244951b0824899c54aed4, type: 3}
      propertyPath: m_AnchoredPosition.x
      value: 0
      objectReference: {fileID: 0}
    - target: {fileID: 3640409678247161130, guid: f702ebe6f71244951b0824899c54aed4, type: 3}
      propertyPath: m_AnchoredPosition.y
      value: 0
      objectReference: {fileID: 0}
    - target: {fileID: 5472444858607858986, guid: f702ebe6f71244951b0824899c54aed4, type: 3}
      propertyPath: m_AnchorMax.y
      value: 0
      objectReference: {fileID: 0}
    - target: {fileID: 5472444858607858986, guid: f702ebe6f71244951b0824899c54aed4, type: 3}
      propertyPath: m_AnchorMin.y
      value: 0
      objectReference: {fileID: 0}
    - target: {fileID: 5472444858607858986, guid: f702ebe6f71244951b0824899c54aed4, type: 3}
      propertyPath: m_AnchoredPosition.x
      value: 0
      objectReference: {fileID: 0}
    - target: {fileID: 5472444858607858986, guid: f702ebe6f71244951b0824899c54aed4, type: 3}
      propertyPath: m_AnchoredPosition.y
      value: 0
      objectReference: {fileID: 0}
    - target: {fileID: 5903899218344918480, guid: f702ebe6f71244951b0824899c54aed4, type: 3}
      propertyPath: m_AnchorMax.y
      value: 0
      objectReference: {fileID: 0}
    - target: {fileID: 5903899218344918480, guid: f702ebe6f71244951b0824899c54aed4, type: 3}
      propertyPath: m_AnchorMin.y
      value: 0
      objectReference: {fileID: 0}
    - target: {fileID: 5903899218344918480, guid: f702ebe6f71244951b0824899c54aed4, type: 3}
      propertyPath: m_SizeDelta.x
      value: 0
      objectReference: {fileID: 0}
    - target: {fileID: 5903899218344918480, guid: f702ebe6f71244951b0824899c54aed4, type: 3}
      propertyPath: m_SizeDelta.y
      value: 0
      objectReference: {fileID: 0}
    - target: {fileID: 5903899218344918480, guid: f702ebe6f71244951b0824899c54aed4, type: 3}
      propertyPath: m_AnchoredPosition.x
      value: 0
      objectReference: {fileID: 0}
    - target: {fileID: 5903899218344918480, guid: f702ebe6f71244951b0824899c54aed4, type: 3}
      propertyPath: m_AnchoredPosition.y
      value: 0
      objectReference: {fileID: 0}
    - target: {fileID: 6551642825952031064, guid: f702ebe6f71244951b0824899c54aed4, type: 3}
      propertyPath: m_AnchorMax.y
      value: 0
      objectReference: {fileID: 0}
    - target: {fileID: 6551642825952031064, guid: f702ebe6f71244951b0824899c54aed4, type: 3}
      propertyPath: m_AnchorMin.y
      value: 0
      objectReference: {fileID: 0}
    - target: {fileID: 6551642825952031064, guid: f702ebe6f71244951b0824899c54aed4, type: 3}
      propertyPath: m_AnchoredPosition.x
      value: 0
      objectReference: {fileID: 0}
    - target: {fileID: 6551642825952031064, guid: f702ebe6f71244951b0824899c54aed4, type: 3}
      propertyPath: m_AnchoredPosition.y
      value: 0
      objectReference: {fileID: 0}
    - target: {fileID: 6727135509728875643, guid: f702ebe6f71244951b0824899c54aed4, type: 3}
      propertyPath: m_AnchorMax.y
      value: 0
      objectReference: {fileID: 0}
    - target: {fileID: 6727135509728875643, guid: f702ebe6f71244951b0824899c54aed4, type: 3}
      propertyPath: m_AnchorMin.y
      value: 0
      objectReference: {fileID: 0}
    - target: {fileID: 6727135509728875643, guid: f702ebe6f71244951b0824899c54aed4, type: 3}
      propertyPath: m_SizeDelta.x
      value: 0
      objectReference: {fileID: 0}
    - target: {fileID: 6727135509728875643, guid: f702ebe6f71244951b0824899c54aed4, type: 3}
      propertyPath: m_SizeDelta.y
      value: 0
      objectReference: {fileID: 0}
    - target: {fileID: 6727135509728875643, guid: f702ebe6f71244951b0824899c54aed4, type: 3}
      propertyPath: m_AnchoredPosition.x
      value: 0
      objectReference: {fileID: 0}
    - target: {fileID: 6727135509728875643, guid: f702ebe6f71244951b0824899c54aed4, type: 3}
      propertyPath: m_AnchoredPosition.y
      value: 0
      objectReference: {fileID: 0}
    - target: {fileID: 7529626188993693705, guid: f702ebe6f71244951b0824899c54aed4, type: 3}
      propertyPath: m_AnchorMax.y
      value: 0
      objectReference: {fileID: 0}
    - target: {fileID: 7529626188993693705, guid: f702ebe6f71244951b0824899c54aed4, type: 3}
      propertyPath: m_AnchorMin.y
      value: 0
      objectReference: {fileID: 0}
    - target: {fileID: 7529626188993693705, guid: f702ebe6f71244951b0824899c54aed4, type: 3}
      propertyPath: m_SizeDelta.x
      value: 0
      objectReference: {fileID: 0}
    - target: {fileID: 7529626188993693705, guid: f702ebe6f71244951b0824899c54aed4, type: 3}
      propertyPath: m_SizeDelta.y
      value: 0
      objectReference: {fileID: 0}
    - target: {fileID: 7529626188993693705, guid: f702ebe6f71244951b0824899c54aed4, type: 3}
      propertyPath: m_AnchoredPosition.x
      value: 0
      objectReference: {fileID: 0}
    - target: {fileID: 7529626188993693705, guid: f702ebe6f71244951b0824899c54aed4, type: 3}
      propertyPath: m_AnchoredPosition.y
      value: 0
      objectReference: {fileID: 0}
    - target: {fileID: 7837509270772525400, guid: f702ebe6f71244951b0824899c54aed4, type: 3}
      propertyPath: m_AnchorMax.x
      value: 0
      objectReference: {fileID: 0}
    - target: {fileID: 7837509270772525400, guid: f702ebe6f71244951b0824899c54aed4, type: 3}
      propertyPath: m_AnchorMax.y
      value: 0
      objectReference: {fileID: 0}
    - target: {fileID: 7901782966007825733, guid: f702ebe6f71244951b0824899c54aed4, type: 3}
      propertyPath: m_AnchorMax.y
      value: 0
      objectReference: {fileID: 0}
    - target: {fileID: 7901782966007825733, guid: f702ebe6f71244951b0824899c54aed4, type: 3}
      propertyPath: m_AnchorMin.y
      value: 0
      objectReference: {fileID: 0}
    - target: {fileID: 7901782966007825733, guid: f702ebe6f71244951b0824899c54aed4, type: 3}
      propertyPath: m_AnchoredPosition.x
      value: 0
      objectReference: {fileID: 0}
    - target: {fileID: 7901782966007825733, guid: f702ebe6f71244951b0824899c54aed4, type: 3}
      propertyPath: m_AnchoredPosition.y
      value: 0
      objectReference: {fileID: 0}
    - target: {fileID: 8352448202995229747, guid: f702ebe6f71244951b0824899c54aed4, type: 3}
      propertyPath: m_AnchorMax.y
      value: 0
      objectReference: {fileID: 0}
    - target: {fileID: 8352448202995229747, guid: f702ebe6f71244951b0824899c54aed4, type: 3}
      propertyPath: m_AnchorMin.y
      value: 0
      objectReference: {fileID: 0}
    - target: {fileID: 8352448202995229747, guid: f702ebe6f71244951b0824899c54aed4, type: 3}
      propertyPath: m_SizeDelta.x
      value: 0
      objectReference: {fileID: 0}
    - target: {fileID: 8352448202995229747, guid: f702ebe6f71244951b0824899c54aed4, type: 3}
      propertyPath: m_SizeDelta.y
      value: 0
      objectReference: {fileID: 0}
    - target: {fileID: 8352448202995229747, guid: f702ebe6f71244951b0824899c54aed4, type: 3}
      propertyPath: m_AnchoredPosition.x
      value: 0
      objectReference: {fileID: 0}
    - target: {fileID: 8352448202995229747, guid: f702ebe6f71244951b0824899c54aed4, type: 3}
      propertyPath: m_AnchoredPosition.y
      value: 0
      objectReference: {fileID: 0}
    - target: {fileID: 8647368435522270567, guid: f702ebe6f71244951b0824899c54aed4, type: 3}
      propertyPath: m_SizeDelta.y
      value: 0
      objectReference: {fileID: 0}
    - target: {fileID: 8647368435522270567, guid: f702ebe6f71244951b0824899c54aed4, type: 3}
      propertyPath: m_AnchoredPosition.y
      value: -0.00001389423
      objectReference: {fileID: 0}
    m_RemovedComponents: []
  m_SourcePrefab: {fileID: 100100000, guid: f702ebe6f71244951b0824899c54aed4, type: 3}
--- !u!224 &3126857448531396540 stripped
RectTransform:
  m_CorrespondingSourceObject: {fileID: 1658169400484959309, guid: f702ebe6f71244951b0824899c54aed4, type: 3}
  m_PrefabInstance: {fileID: 4352680663886566385}
  m_PrefabAsset: {fileID: 0}
--- !u!1001 &4352680665184485805
PrefabInstance:
  m_ObjectHideFlags: 0
  serializedVersion: 2
  m_Modification:
    m_TransformParent: {fileID: 4352680663827538980}
    m_Modifications:
    - target: {fileID: 1992429398207706524, guid: e3e664ba97bb440f0b40653c9d5ad042, type: 3}
      propertyPath: m_Pivot.x
      value: 0.5
      objectReference: {fileID: 0}
    - target: {fileID: 1992429398207706524, guid: e3e664ba97bb440f0b40653c9d5ad042, type: 3}
      propertyPath: m_Pivot.y
      value: 0.5
      objectReference: {fileID: 0}
    - target: {fileID: 1992429398207706524, guid: e3e664ba97bb440f0b40653c9d5ad042, type: 3}
      propertyPath: m_RootOrder
      value: 0
      objectReference: {fileID: 0}
    - target: {fileID: 1992429398207706524, guid: e3e664ba97bb440f0b40653c9d5ad042, type: 3}
      propertyPath: m_AnchorMax.x
      value: 1
      objectReference: {fileID: 0}
    - target: {fileID: 1992429398207706524, guid: e3e664ba97bb440f0b40653c9d5ad042, type: 3}
      propertyPath: m_AnchorMax.y
      value: 1
      objectReference: {fileID: 0}
    - target: {fileID: 1992429398207706524, guid: e3e664ba97bb440f0b40653c9d5ad042, type: 3}
      propertyPath: m_AnchorMin.x
      value: 0
      objectReference: {fileID: 0}
    - target: {fileID: 1992429398207706524, guid: e3e664ba97bb440f0b40653c9d5ad042, type: 3}
      propertyPath: m_AnchorMin.y
      value: 0
      objectReference: {fileID: 0}
    - target: {fileID: 1992429398207706524, guid: e3e664ba97bb440f0b40653c9d5ad042, type: 3}
      propertyPath: m_SizeDelta.x
      value: 0
      objectReference: {fileID: 0}
    - target: {fileID: 1992429398207706524, guid: e3e664ba97bb440f0b40653c9d5ad042, type: 3}
      propertyPath: m_SizeDelta.y
      value: 0
      objectReference: {fileID: 0}
    - target: {fileID: 1992429398207706524, guid: e3e664ba97bb440f0b40653c9d5ad042, type: 3}
      propertyPath: m_LocalPosition.x
      value: 0
      objectReference: {fileID: 0}
    - target: {fileID: 1992429398207706524, guid: e3e664ba97bb440f0b40653c9d5ad042, type: 3}
      propertyPath: m_LocalPosition.y
      value: 0
      objectReference: {fileID: 0}
    - target: {fileID: 1992429398207706524, guid: e3e664ba97bb440f0b40653c9d5ad042, type: 3}
      propertyPath: m_LocalPosition.z
      value: 0
      objectReference: {fileID: 0}
    - target: {fileID: 1992429398207706524, guid: e3e664ba97bb440f0b40653c9d5ad042, type: 3}
      propertyPath: m_LocalRotation.w
      value: 1
      objectReference: {fileID: 0}
    - target: {fileID: 1992429398207706524, guid: e3e664ba97bb440f0b40653c9d5ad042, type: 3}
      propertyPath: m_LocalRotation.x
      value: 0
      objectReference: {fileID: 0}
    - target: {fileID: 1992429398207706524, guid: e3e664ba97bb440f0b40653c9d5ad042, type: 3}
      propertyPath: m_LocalRotation.y
      value: 0
      objectReference: {fileID: 0}
    - target: {fileID: 1992429398207706524, guid: e3e664ba97bb440f0b40653c9d5ad042, type: 3}
      propertyPath: m_LocalRotation.z
      value: 0
      objectReference: {fileID: 0}
    - target: {fileID: 1992429398207706524, guid: e3e664ba97bb440f0b40653c9d5ad042, type: 3}
      propertyPath: m_AnchoredPosition.x
      value: 0
      objectReference: {fileID: 0}
    - target: {fileID: 1992429398207706524, guid: e3e664ba97bb440f0b40653c9d5ad042, type: 3}
      propertyPath: m_AnchoredPosition.y
      value: 0
      objectReference: {fileID: 0}
    - target: {fileID: 1992429398207706524, guid: e3e664ba97bb440f0b40653c9d5ad042, type: 3}
      propertyPath: m_LocalEulerAnglesHint.x
      value: 0
      objectReference: {fileID: 0}
    - target: {fileID: 1992429398207706524, guid: e3e664ba97bb440f0b40653c9d5ad042, type: 3}
      propertyPath: m_LocalEulerAnglesHint.y
      value: 0
      objectReference: {fileID: 0}
    - target: {fileID: 1992429398207706524, guid: e3e664ba97bb440f0b40653c9d5ad042, type: 3}
      propertyPath: m_LocalEulerAnglesHint.z
      value: 0
      objectReference: {fileID: 0}
    - target: {fileID: 1992429398207706525, guid: e3e664ba97bb440f0b40653c9d5ad042, type: 3}
      propertyPath: m_Name
      value: Popup_Settings
      objectReference: {fileID: 0}
    m_RemovedComponents: []
  m_SourcePrefab: {fileID: 100100000, guid: e3e664ba97bb440f0b40653c9d5ad042, type: 3}
--- !u!224 &2864663179198166065 stripped
RectTransform:
  m_CorrespondingSourceObject: {fileID: 1992429398207706524, guid: e3e664ba97bb440f0b40653c9d5ad042, type: 3}
  m_PrefabInstance: {fileID: 4352680665184485805}
  m_PrefabAsset: {fileID: 0}
--- !u!1001 &4849274344494020139
PrefabInstance:
  m_ObjectHideFlags: 0
  serializedVersion: 2
  m_Modification:
    m_TransformParent: {fileID: 4352680663827538980}
    m_Modifications:
    - target: {fileID: 3000917580295412236, guid: a66c8cf9d96054ee9b01b07edb4bf0ee, type: 3}
      propertyPath: m_AnchorMax.y
      value: 0
      objectReference: {fileID: 0}
    - target: {fileID: 3000917580295412236, guid: a66c8cf9d96054ee9b01b07edb4bf0ee, type: 3}
      propertyPath: m_AnchorMin.y
      value: 0
      objectReference: {fileID: 0}
    - target: {fileID: 3000917580295412236, guid: a66c8cf9d96054ee9b01b07edb4bf0ee, type: 3}
      propertyPath: m_AnchoredPosition.x
      value: 0
      objectReference: {fileID: 0}
    - target: {fileID: 3000917580295412236, guid: a66c8cf9d96054ee9b01b07edb4bf0ee, type: 3}
      propertyPath: m_AnchoredPosition.y
      value: 0
      objectReference: {fileID: 0}
    - target: {fileID: 4409175227186267438, guid: a66c8cf9d96054ee9b01b07edb4bf0ee, type: 3}
      propertyPath: m_AnchorMax.y
      value: 0
      objectReference: {fileID: 0}
    - target: {fileID: 4409175227186267438, guid: a66c8cf9d96054ee9b01b07edb4bf0ee, type: 3}
      propertyPath: m_AnchorMin.y
      value: 0
      objectReference: {fileID: 0}
    - target: {fileID: 4409175227186267438, guid: a66c8cf9d96054ee9b01b07edb4bf0ee, type: 3}
      propertyPath: m_AnchoredPosition.x
      value: 0
      objectReference: {fileID: 0}
    - target: {fileID: 4409175227186267438, guid: a66c8cf9d96054ee9b01b07edb4bf0ee, type: 3}
      propertyPath: m_AnchoredPosition.y
      value: 0
      objectReference: {fileID: 0}
    - target: {fileID: 4433920339283758928, guid: a66c8cf9d96054ee9b01b07edb4bf0ee, type: 3}
      propertyPath: m_Pivot.x
      value: 0.5
      objectReference: {fileID: 0}
    - target: {fileID: 4433920339283758928, guid: a66c8cf9d96054ee9b01b07edb4bf0ee, type: 3}
      propertyPath: m_Pivot.y
      value: 0.5
      objectReference: {fileID: 0}
    - target: {fileID: 4433920339283758928, guid: a66c8cf9d96054ee9b01b07edb4bf0ee, type: 3}
      propertyPath: m_RootOrder
      value: 2
      objectReference: {fileID: 0}
    - target: {fileID: 4433920339283758928, guid: a66c8cf9d96054ee9b01b07edb4bf0ee, type: 3}
      propertyPath: m_AnchorMax.x
      value: 1
      objectReference: {fileID: 0}
    - target: {fileID: 4433920339283758928, guid: a66c8cf9d96054ee9b01b07edb4bf0ee, type: 3}
      propertyPath: m_AnchorMax.y
      value: 1
      objectReference: {fileID: 0}
    - target: {fileID: 4433920339283758928, guid: a66c8cf9d96054ee9b01b07edb4bf0ee, type: 3}
      propertyPath: m_AnchorMin.x
      value: 0
      objectReference: {fileID: 0}
    - target: {fileID: 4433920339283758928, guid: a66c8cf9d96054ee9b01b07edb4bf0ee, type: 3}
      propertyPath: m_AnchorMin.y
      value: 0
      objectReference: {fileID: 0}
    - target: {fileID: 4433920339283758928, guid: a66c8cf9d96054ee9b01b07edb4bf0ee, type: 3}
      propertyPath: m_SizeDelta.x
      value: 0
      objectReference: {fileID: 0}
    - target: {fileID: 4433920339283758928, guid: a66c8cf9d96054ee9b01b07edb4bf0ee, type: 3}
      propertyPath: m_SizeDelta.y
      value: 0
      objectReference: {fileID: 0}
    - target: {fileID: 4433920339283758928, guid: a66c8cf9d96054ee9b01b07edb4bf0ee, type: 3}
      propertyPath: m_LocalPosition.x
      value: 0
      objectReference: {fileID: 0}
    - target: {fileID: 4433920339283758928, guid: a66c8cf9d96054ee9b01b07edb4bf0ee, type: 3}
      propertyPath: m_LocalPosition.y
      value: 0
      objectReference: {fileID: 0}
    - target: {fileID: 4433920339283758928, guid: a66c8cf9d96054ee9b01b07edb4bf0ee, type: 3}
      propertyPath: m_LocalPosition.z
      value: 0
      objectReference: {fileID: 0}
    - target: {fileID: 4433920339283758928, guid: a66c8cf9d96054ee9b01b07edb4bf0ee, type: 3}
      propertyPath: m_LocalRotation.w
      value: 1
      objectReference: {fileID: 0}
    - target: {fileID: 4433920339283758928, guid: a66c8cf9d96054ee9b01b07edb4bf0ee, type: 3}
      propertyPath: m_LocalRotation.x
      value: 0
      objectReference: {fileID: 0}
    - target: {fileID: 4433920339283758928, guid: a66c8cf9d96054ee9b01b07edb4bf0ee, type: 3}
      propertyPath: m_LocalRotation.y
      value: 0
      objectReference: {fileID: 0}
    - target: {fileID: 4433920339283758928, guid: a66c8cf9d96054ee9b01b07edb4bf0ee, type: 3}
      propertyPath: m_LocalRotation.z
      value: 0
      objectReference: {fileID: 0}
    - target: {fileID: 4433920339283758928, guid: a66c8cf9d96054ee9b01b07edb4bf0ee, type: 3}
      propertyPath: m_AnchoredPosition.x
      value: 0
      objectReference: {fileID: 0}
    - target: {fileID: 4433920339283758928, guid: a66c8cf9d96054ee9b01b07edb4bf0ee, type: 3}
      propertyPath: m_AnchoredPosition.y
      value: 0
      objectReference: {fileID: 0}
    - target: {fileID: 4433920339283758928, guid: a66c8cf9d96054ee9b01b07edb4bf0ee, type: 3}
      propertyPath: m_LocalEulerAnglesHint.x
      value: 0
      objectReference: {fileID: 0}
    - target: {fileID: 4433920339283758928, guid: a66c8cf9d96054ee9b01b07edb4bf0ee, type: 3}
      propertyPath: m_LocalEulerAnglesHint.y
      value: 0
      objectReference: {fileID: 0}
    - target: {fileID: 4433920339283758928, guid: a66c8cf9d96054ee9b01b07edb4bf0ee, type: 3}
      propertyPath: m_LocalEulerAnglesHint.z
      value: 0
      objectReference: {fileID: 0}
    - target: {fileID: 4433920339283758929, guid: a66c8cf9d96054ee9b01b07edb4bf0ee, type: 3}
      propertyPath: m_Name
      value: Popup_FinishedLevel
      objectReference: {fileID: 0}
    - target: {fileID: 4475537660549039198, guid: a66c8cf9d96054ee9b01b07edb4bf0ee, type: 3}
      propertyPath: m_AnchorMax.y
      value: 0
      objectReference: {fileID: 0}
    - target: {fileID: 4475537660549039198, guid: a66c8cf9d96054ee9b01b07edb4bf0ee, type: 3}
      propertyPath: m_AnchorMin.y
      value: 0
      objectReference: {fileID: 0}
    - target: {fileID: 4475537660549039198, guid: a66c8cf9d96054ee9b01b07edb4bf0ee, type: 3}
      propertyPath: m_AnchoredPosition.x
      value: 0
      objectReference: {fileID: 0}
    - target: {fileID: 4475537660549039198, guid: a66c8cf9d96054ee9b01b07edb4bf0ee, type: 3}
      propertyPath: m_AnchoredPosition.y
      value: 0
      objectReference: {fileID: 0}
    - target: {fileID: 5388346195498952794, guid: a66c8cf9d96054ee9b01b07edb4bf0ee, type: 3}
      propertyPath: m_AnchorMax.y
      value: 0
      objectReference: {fileID: 0}
    - target: {fileID: 5388346195498952794, guid: a66c8cf9d96054ee9b01b07edb4bf0ee, type: 3}
      propertyPath: m_AnchorMin.y
      value: 0
      objectReference: {fileID: 0}
    - target: {fileID: 5388346195498952794, guid: a66c8cf9d96054ee9b01b07edb4bf0ee, type: 3}
      propertyPath: m_AnchoredPosition.x
      value: 0
      objectReference: {fileID: 0}
    - target: {fileID: 5388346195498952794, guid: a66c8cf9d96054ee9b01b07edb4bf0ee, type: 3}
      propertyPath: m_AnchoredPosition.y
      value: 0
      objectReference: {fileID: 0}
    - target: {fileID: 5452707707617395783, guid: a66c8cf9d96054ee9b01b07edb4bf0ee, type: 3}
      propertyPath: m_AnchorMax.x
      value: 0
      objectReference: {fileID: 0}
    - target: {fileID: 5452707707617395783, guid: a66c8cf9d96054ee9b01b07edb4bf0ee, type: 3}
      propertyPath: m_AnchorMax.y
      value: 0
      objectReference: {fileID: 0}
    - target: {fileID: 6876462456543189112, guid: a66c8cf9d96054ee9b01b07edb4bf0ee, type: 3}
      propertyPath: m_SizeDelta.y
      value: 0
      objectReference: {fileID: 0}
    - target: {fileID: 7826555178719385653, guid: a66c8cf9d96054ee9b01b07edb4bf0ee, type: 3}
      propertyPath: m_AnchorMax.y
      value: 0
      objectReference: {fileID: 0}
    - target: {fileID: 7826555178719385653, guid: a66c8cf9d96054ee9b01b07edb4bf0ee, type: 3}
      propertyPath: m_AnchorMin.y
      value: 0
      objectReference: {fileID: 0}
    - target: {fileID: 7826555178719385653, guid: a66c8cf9d96054ee9b01b07edb4bf0ee, type: 3}
      propertyPath: m_AnchoredPosition.x
      value: 0
      objectReference: {fileID: 0}
    - target: {fileID: 7826555178719385653, guid: a66c8cf9d96054ee9b01b07edb4bf0ee, type: 3}
      propertyPath: m_AnchoredPosition.y
      value: 0
      objectReference: {fileID: 0}
    - target: {fileID: 9044241377230101575, guid: a66c8cf9d96054ee9b01b07edb4bf0ee, type: 3}
      propertyPath: m_AnchorMax.y
      value: 0
      objectReference: {fileID: 0}
    - target: {fileID: 9044241377230101575, guid: a66c8cf9d96054ee9b01b07edb4bf0ee, type: 3}
      propertyPath: m_AnchorMin.y
      value: 0
      objectReference: {fileID: 0}
    - target: {fileID: 9044241377230101575, guid: a66c8cf9d96054ee9b01b07edb4bf0ee, type: 3}
      propertyPath: m_AnchoredPosition.x
      value: 0
      objectReference: {fileID: 0}
    - target: {fileID: 9044241377230101575, guid: a66c8cf9d96054ee9b01b07edb4bf0ee, type: 3}
      propertyPath: m_AnchoredPosition.y
      value: 0
      objectReference: {fileID: 0}
    m_RemovedComponents: []
  m_SourcePrefab: {fileID: 100100000, guid: a66c8cf9d96054ee9b01b07edb4bf0ee, type: 3}
--- !u!224 &9134538491157838203 stripped
RectTransform:
  m_CorrespondingSourceObject: {fileID: 4433920339283758928, guid: a66c8cf9d96054ee9b01b07edb4bf0ee, type: 3}
  m_PrefabInstance: {fileID: 4849274344494020139}
  m_PrefabAsset: {fileID: 0}
