%YAML 1.1
%TAG !u! tag:unity3d.com,2011:
--- !u!1 &9043437775171518979
GameObject:
  m_ObjectHideFlags: 0
  m_CorrespondingSourceObject: {fileID: 0}
  m_PrefabInstance: {fileID: 0}
  m_PrefabAsset: {fileID: 0}
  serializedVersion: 6
  m_Component:
  - component: {fileID: 525877835683203746}
  - component: {fileID: 2135335120460738723}
  - component: {fileID: 527955308540385039}
  - component: {fileID: 9119698999067801546}
  m_Layer: 5
  m_Name: BonusManager
  m_TagString: Untagged
  m_Icon: {fileID: 0}
  m_NavMeshLayer: 0
  m_StaticEditorFlags: 0
  m_IsActive: 1
--- !u!224 &525877835683203746
RectTransform:
  m_ObjectHideFlags: 0
  m_CorrespondingSourceObject: {fileID: 0}
  m_PrefabInstance: {fileID: 0}
  m_PrefabAsset: {fileID: 0}
  m_GameObject: {fileID: 9043437775171518979}
  m_LocalRotation: {x: 0, y: 0, z: 0, w: 1}
  m_LocalPosition: {x: 0, y: 0, z: 0}
  m_LocalScale: {x: 1, y: 1, z: 1}
  m_Children:
  - {fileID: 748453563658896895}
  - {fileID: 1249104052909513737}
  - {fileID: 2984429560575110281}
  m_Father: {fileID: 0}
  m_RootOrder: 0
  m_LocalEulerAnglesHint: {x: 0, y: 0, z: 0}
  m_AnchorMin: {x: 1, y: 1}
  m_AnchorMax: {x: 1, y: 1}
  m_AnchoredPosition: {x: -15, y: -12}
  m_SizeDelta: {x: 146.9238, y: 502.5576}
  m_Pivot: {x: 1, y: 1}
--- !u!114 &2135335120460738723
MonoBehaviour:
  m_ObjectHideFlags: 0
  m_CorrespondingSourceObject: {fileID: 0}
  m_PrefabInstance: {fileID: 0}
  m_PrefabAsset: {fileID: 0}
  m_GameObject: {fileID: 9043437775171518979}
  m_Enabled: 1
  m_EditorHideFlags: 0
  m_Script: {fileID: 11500000, guid: 59f8146938fff824cb5fd77236b75775, type: 3}
  m_Name: 
  m_EditorClassIdentifier: 
  m_Padding:
    m_Left: 0
    m_Right: 0
    m_Top: 20
    m_Bottom: 0
  m_ChildAlignment: 1
  m_Spacing: 20
  m_ChildForceExpandWidth: 1
  m_ChildForceExpandHeight: 0
  m_ChildControlWidth: 0
  m_ChildControlHeight: 0
  m_ChildScaleWidth: 0
  m_ChildScaleHeight: 0
  m_ReverseArrangement: 0
--- !u!114 &527955308540385039
MonoBehaviour:
  m_ObjectHideFlags: 0
  m_CorrespondingSourceObject: {fileID: 0}
  m_PrefabInstance: {fileID: 0}
  m_PrefabAsset: {fileID: 0}
  m_GameObject: {fileID: 9043437775171518979}
  m_Enabled: 1
  m_EditorHideFlags: 0
  m_Script: {fileID: 11500000, guid: 68e51de499b44845a7cb62c21f49ed65, type: 3}
  m_Name: 
  m_EditorClassIdentifier: 
  offerBonusPeriod: 3.5
  availableBonuses:
  - {fileID: 4811722943043268840, guid: fbdacb84be15847cb9f479244f691e1f, type: 3}
  - {fileID: 4811722943043268840, guid: 94c39f31e51c148e6b4f2a3367dad371, type: 3}
  - {fileID: 4811722943043268840, guid: 8be9f238898ea4ebe8676570a8df0d45, type: 3}
--- !u!114 &9119698999067801546
MonoBehaviour:
  m_ObjectHideFlags: 0
  m_CorrespondingSourceObject: {fileID: 0}
  m_PrefabInstance: {fileID: 0}
  m_PrefabAsset: {fileID: 0}
  m_GameObject: {fileID: 9043437775171518979}
  m_Enabled: 1
  m_EditorHideFlags: 0
  m_Script: {fileID: 11500000, guid: 9841087d97cb4330b94fb62560748cb6, type: 3}
  m_Name: 
  m_EditorClassIdentifier: 
--- !u!1001 &5673918749201062446
PrefabInstance:
  m_ObjectHideFlags: 0
  serializedVersion: 2
  m_Modification:
    m_TransformParent: {fileID: 525877835683203746}
    m_Modifications:
    - target: {fileID: 6910908381920413223, guid: 94c39f31e51c148e6b4f2a3367dad371, type: 3}
      propertyPath: m_Pivot.x
      value: 0.5
      objectReference: {fileID: 0}
    - target: {fileID: 6910908381920413223, guid: 94c39f31e51c148e6b4f2a3367dad371, type: 3}
      propertyPath: m_Pivot.y
      value: 0.5
      objectReference: {fileID: 0}
    - target: {fileID: 6910908381920413223, guid: 94c39f31e51c148e6b4f2a3367dad371, type: 3}
      propertyPath: m_RootOrder
      value: 1
      objectReference: {fileID: 0}
    - target: {fileID: 6910908381920413223, guid: 94c39f31e51c148e6b4f2a3367dad371, type: 3}
      propertyPath: m_AnchorMax.x
      value: 0
      objectReference: {fileID: 0}
    - target: {fileID: 6910908381920413223, guid: 94c39f31e51c148e6b4f2a3367dad371, type: 3}
      propertyPath: m_AnchorMax.y
      value: 0
      objectReference: {fileID: 0}
    - target: {fileID: 6910908381920413223, guid: 94c39f31e51c148e6b4f2a3367dad371, type: 3}
      propertyPath: m_AnchorMin.x
      value: 0
      objectReference: {fileID: 0}
    - target: {fileID: 6910908381920413223, guid: 94c39f31e51c148e6b4f2a3367dad371, type: 3}
      propertyPath: m_AnchorMin.y
      value: 0
      objectReference: {fileID: 0}
    - target: {fileID: 6910908381920413223, guid: 94c39f31e51c148e6b4f2a3367dad371, type: 3}
      propertyPath: m_SizeDelta.x
      value: 120
      objectReference: {fileID: 0}
    - target: {fileID: 6910908381920413223, guid: 94c39f31e51c148e6b4f2a3367dad371, type: 3}
      propertyPath: m_SizeDelta.y
      value: 120
      objectReference: {fileID: 0}
    - target: {fileID: 6910908381920413223, guid: 94c39f31e51c148e6b4f2a3367dad371, type: 3}
      propertyPath: m_LocalPosition.x
      value: 0
      objectReference: {fileID: 0}
    - target: {fileID: 6910908381920413223, guid: 94c39f31e51c148e6b4f2a3367dad371, type: 3}
      propertyPath: m_LocalPosition.y
      value: 0
      objectReference: {fileID: 0}
    - target: {fileID: 6910908381920413223, guid: 94c39f31e51c148e6b4f2a3367dad371, type: 3}
      propertyPath: m_LocalPosition.z
      value: 0
      objectReference: {fileID: 0}
    - target: {fileID: 6910908381920413223, guid: 94c39f31e51c148e6b4f2a3367dad371, type: 3}
      propertyPath: m_LocalRotation.w
      value: 1
      objectReference: {fileID: 0}
    - target: {fileID: 6910908381920413223, guid: 94c39f31e51c148e6b4f2a3367dad371, type: 3}
      propertyPath: m_LocalRotation.x
      value: 0
      objectReference: {fileID: 0}
    - target: {fileID: 6910908381920413223, guid: 94c39f31e51c148e6b4f2a3367dad371, type: 3}
      propertyPath: m_LocalRotation.y
      value: 0
      objectReference: {fileID: 0}
    - target: {fileID: 6910908381920413223, guid: 94c39f31e51c148e6b4f2a3367dad371, type: 3}
      propertyPath: m_LocalRotation.z
      value: 0
      objectReference: {fileID: 0}
    - target: {fileID: 6910908381920413223, guid: 94c39f31e51c148e6b4f2a3367dad371, type: 3}
      propertyPath: m_AnchoredPosition.x
      value: 0
      objectReference: {fileID: 0}
    - target: {fileID: 6910908381920413223, guid: 94c39f31e51c148e6b4f2a3367dad371, type: 3}
      propertyPath: m_AnchoredPosition.y
      value: 0
      objectReference: {fileID: 0}
    - target: {fileID: 6910908381920413223, guid: 94c39f31e51c148e6b4f2a3367dad371, type: 3}
      propertyPath: m_LocalEulerAnglesHint.x
      value: 0
      objectReference: {fileID: 0}
    - target: {fileID: 6910908381920413223, guid: 94c39f31e51c148e6b4f2a3367dad371, type: 3}
      propertyPath: m_LocalEulerAnglesHint.y
      value: 0
      objectReference: {fileID: 0}
    - target: {fileID: 6910908381920413223, guid: 94c39f31e51c148e6b4f2a3367dad371, type: 3}
      propertyPath: m_LocalEulerAnglesHint.z
      value: 0
      objectReference: {fileID: 0}
    - target: {fileID: 8500013696781383346, guid: 94c39f31e51c148e6b4f2a3367dad371, type: 3}
      propertyPath: m_Name
      value: Bonus_pin
      objectReference: {fileID: 0}
    m_RemovedComponents: []
  m_SourcePrefab: {fileID: 100100000, guid: 94c39f31e51c148e6b4f2a3367dad371, type: 3}
--- !u!224 &1249104052909513737 stripped
RectTransform:
  m_CorrespondingSourceObject: {fileID: 6910908381920413223, guid: 94c39f31e51c148e6b4f2a3367dad371, type: 3}
  m_PrefabInstance: {fileID: 5673918749201062446}
  m_PrefabAsset: {fileID: 0}
--- !u!1001 &6164143669740913624
PrefabInstance:
  m_ObjectHideFlags: 0
  serializedVersion: 2
  m_Modification:
    m_TransformParent: {fileID: 525877835683203746}
    m_Modifications:
    - target: {fileID: 6910908381920413223, guid: fbdacb84be15847cb9f479244f691e1f, type: 3}
      propertyPath: m_Pivot.x
      value: 0.5
      objectReference: {fileID: 0}
    - target: {fileID: 6910908381920413223, guid: fbdacb84be15847cb9f479244f691e1f, type: 3}
      propertyPath: m_Pivot.y
      value: 0.5
      objectReference: {fileID: 0}
    - target: {fileID: 6910908381920413223, guid: fbdacb84be15847cb9f479244f691e1f, type: 3}
      propertyPath: m_RootOrder
      value: 0
      objectReference: {fileID: 0}
    - target: {fileID: 6910908381920413223, guid: fbdacb84be15847cb9f479244f691e1f, type: 3}
      propertyPath: m_AnchorMax.x
      value: 0
      objectReference: {fileID: 0}
    - target: {fileID: 6910908381920413223, guid: fbdacb84be15847cb9f479244f691e1f, type: 3}
      propertyPath: m_AnchorMax.y
      value: 0
      objectReference: {fileID: 0}
    - target: {fileID: 6910908381920413223, guid: fbdacb84be15847cb9f479244f691e1f, type: 3}
      propertyPath: m_AnchorMin.x
      value: 0
      objectReference: {fileID: 0}
    - target: {fileID: 6910908381920413223, guid: fbdacb84be15847cb9f479244f691e1f, type: 3}
      propertyPath: m_AnchorMin.y
      value: 0
      objectReference: {fileID: 0}
    - target: {fileID: 6910908381920413223, guid: fbdacb84be15847cb9f479244f691e1f, type: 3}
      propertyPath: m_SizeDelta.x
      value: 120
      objectReference: {fileID: 0}
    - target: {fileID: 6910908381920413223, guid: fbdacb84be15847cb9f479244f691e1f, type: 3}
      propertyPath: m_SizeDelta.y
      value: 120
      objectReference: {fileID: 0}
    - target: {fileID: 6910908381920413223, guid: fbdacb84be15847cb9f479244f691e1f, type: 3}
      propertyPath: m_LocalPosition.x
      value: 0
      objectReference: {fileID: 0}
    - target: {fileID: 6910908381920413223, guid: fbdacb84be15847cb9f479244f691e1f, type: 3}
      propertyPath: m_LocalPosition.y
      value: 0
      objectReference: {fileID: 0}
    - target: {fileID: 6910908381920413223, guid: fbdacb84be15847cb9f479244f691e1f, type: 3}
      propertyPath: m_LocalPosition.z
      value: 0
      objectReference: {fileID: 0}
    - target: {fileID: 6910908381920413223, guid: fbdacb84be15847cb9f479244f691e1f, type: 3}
      propertyPath: m_LocalRotation.w
      value: 1
      objectReference: {fileID: 0}
    - target: {fileID: 6910908381920413223, guid: fbdacb84be15847cb9f479244f691e1f, type: 3}
      propertyPath: m_LocalRotation.x
      value: 0
      objectReference: {fileID: 0}
    - target: {fileID: 6910908381920413223, guid: fbdacb84be15847cb9f479244f691e1f, type: 3}
      propertyPath: m_LocalRotation.y
      value: 0
      objectReference: {fileID: 0}
    - target: {fileID: 6910908381920413223, guid: fbdacb84be15847cb9f479244f691e1f, type: 3}
      propertyPath: m_LocalRotation.z
      value: 0
      objectReference: {fileID: 0}
    - target: {fileID: 6910908381920413223, guid: fbdacb84be15847cb9f479244f691e1f, type: 3}
      propertyPath: m_AnchoredPosition.x
      value: 0
      objectReference: {fileID: 0}
    - target: {fileID: 6910908381920413223, guid: fbdacb84be15847cb9f479244f691e1f, type: 3}
      propertyPath: m_AnchoredPosition.y
      value: 0
      objectReference: {fileID: 0}
    - target: {fileID: 6910908381920413223, guid: fbdacb84be15847cb9f479244f691e1f, type: 3}
      propertyPath: m_LocalEulerAnglesHint.x
      value: 0
      objectReference: {fileID: 0}
    - target: {fileID: 6910908381920413223, guid: fbdacb84be15847cb9f479244f691e1f, type: 3}
      propertyPath: m_LocalEulerAnglesHint.y
      value: 0
      objectReference: {fileID: 0}
    - target: {fileID: 6910908381920413223, guid: fbdacb84be15847cb9f479244f691e1f, type: 3}
      propertyPath: m_LocalEulerAnglesHint.z
      value: 0
      objectReference: {fileID: 0}
    - target: {fileID: 8500013696781383346, guid: fbdacb84be15847cb9f479244f691e1f, type: 3}
      propertyPath: m_Name
      value: Bonus_big
      objectReference: {fileID: 0}
    m_RemovedComponents: []
  m_SourcePrefab: {fileID: 100100000, guid: fbdacb84be15847cb9f479244f691e1f, type: 3}
--- !u!224 &748453563658896895 stripped
RectTransform:
  m_CorrespondingSourceObject: {fileID: 6910908381920413223, guid: fbdacb84be15847cb9f479244f691e1f, type: 3}
  m_PrefabInstance: {fileID: 6164143669740913624}
  m_PrefabAsset: {fileID: 0}
--- !u!1001 &8539572910583704238
PrefabInstance:
  m_ObjectHideFlags: 0
  serializedVersion: 2
  m_Modification:
    m_TransformParent: {fileID: 525877835683203746}
    m_Modifications:
    - target: {fileID: 6910908381920413223, guid: 8be9f238898ea4ebe8676570a8df0d45, type: 3}
      propertyPath: m_Pivot.x
      value: 0.5
      objectReference: {fileID: 0}
    - target: {fileID: 6910908381920413223, guid: 8be9f238898ea4ebe8676570a8df0d45, type: 3}
      propertyPath: m_Pivot.y
      value: 0.5
      objectReference: {fileID: 0}
    - target: {fileID: 6910908381920413223, guid: 8be9f238898ea4ebe8676570a8df0d45, type: 3}
      propertyPath: m_RootOrder
      value: 2
      objectReference: {fileID: 0}
    - target: {fileID: 6910908381920413223, guid: 8be9f238898ea4ebe8676570a8df0d45, type: 3}
      propertyPath: m_AnchorMax.x
      value: 0
      objectReference: {fileID: 0}
    - target: {fileID: 6910908381920413223, guid: 8be9f238898ea4ebe8676570a8df0d45, type: 3}
      propertyPath: m_AnchorMax.y
      value: 0
      objectReference: {fileID: 0}
    - target: {fileID: 6910908381920413223, guid: 8be9f238898ea4ebe8676570a8df0d45, type: 3}
      propertyPath: m_AnchorMin.x
      value: 0
      objectReference: {fileID: 0}
    - target: {fileID: 6910908381920413223, guid: 8be9f238898ea4ebe8676570a8df0d45, type: 3}
      propertyPath: m_AnchorMin.y
      value: 0
      objectReference: {fileID: 0}
    - target: {fileID: 6910908381920413223, guid: 8be9f238898ea4ebe8676570a8df0d45, type: 3}
      propertyPath: m_SizeDelta.x
      value: 120
      objectReference: {fileID: 0}
    - target: {fileID: 6910908381920413223, guid: 8be9f238898ea4ebe8676570a8df0d45, type: 3}
      propertyPath: m_SizeDelta.y
      value: 120
      objectReference: {fileID: 0}
    - target: {fileID: 6910908381920413223, guid: 8be9f238898ea4ebe8676570a8df0d45, type: 3}
      propertyPath: m_LocalPosition.x
      value: 0
      objectReference: {fileID: 0}
    - target: {fileID: 6910908381920413223, guid: 8be9f238898ea4ebe8676570a8df0d45, type: 3}
      propertyPath: m_LocalPosition.y
      value: 0
      objectReference: {fileID: 0}
    - target: {fileID: 6910908381920413223, guid: 8be9f238898ea4ebe8676570a8df0d45, type: 3}
      propertyPath: m_LocalPosition.z
      value: 0
      objectReference: {fileID: 0}
    - target: {fileID: 6910908381920413223, guid: 8be9f238898ea4ebe8676570a8df0d45, type: 3}
      propertyPath: m_LocalRotation.w
      value: 1
      objectReference: {fileID: 0}
    - target: {fileID: 6910908381920413223, guid: 8be9f238898ea4ebe8676570a8df0d45, type: 3}
      propertyPath: m_LocalRotation.x
      value: 0
      objectReference: {fileID: 0}
    - target: {fileID: 6910908381920413223, guid: 8be9f238898ea4ebe8676570a8df0d45, type: 3}
      propertyPath: m_LocalRotation.y
      value: 0
      objectReference: {fileID: 0}
    - target: {fileID: 6910908381920413223, guid: 8be9f238898ea4ebe8676570a8df0d45, type: 3}
      propertyPath: m_LocalRotation.z
      value: 0
      objectReference: {fileID: 0}
    - target: {fileID: 6910908381920413223, guid: 8be9f238898ea4ebe8676570a8df0d45, type: 3}
      propertyPath: m_AnchoredPosition.x
      value: 0
      objectReference: {fileID: 0}
    - target: {fileID: 6910908381920413223, guid: 8be9f238898ea4ebe8676570a8df0d45, type: 3}
      propertyPath: m_AnchoredPosition.y
      value: 0
      objectReference: {fileID: 0}
    - target: {fileID: 6910908381920413223, guid: 8be9f238898ea4ebe8676570a8df0d45, type: 3}
      propertyPath: m_LocalEulerAnglesHint.x
      value: 0
      objectReference: {fileID: 0}
    - target: {fileID: 6910908381920413223, guid: 8be9f238898ea4ebe8676570a8df0d45, type: 3}
      propertyPath: m_LocalEulerAnglesHint.y
      value: 0
      objectReference: {fileID: 0}
    - target: {fileID: 6910908381920413223, guid: 8be9f238898ea4ebe8676570a8df0d45, type: 3}
      propertyPath: m_LocalEulerAnglesHint.z
      value: 0
      objectReference: {fileID: 0}
    - target: {fileID: 8500013696781383346, guid: 8be9f238898ea4ebe8676570a8df0d45, type: 3}
      propertyPath: m_Name
      value: Bonus_x2
      objectReference: {fileID: 0}
    m_RemovedComponents: []
  m_SourcePrefab: {fileID: 100100000, guid: 8be9f238898ea4ebe8676570a8df0d45, type: 3}
--- !u!224 &2984429560575110281 stripped
RectTransform:
  m_CorrespondingSourceObject: {fileID: 6910908381920413223, guid: 8be9f238898ea4ebe8676570a8df0d45, type: 3}
  m_PrefabInstance: {fileID: 8539572910583704238}
  m_PrefabAsset: {fileID: 0}
