%YAML 1.1
%TAG !u! tag:unity3d.com,2011:
--- !u!1 &3448732613515361257
GameObject:
  m_ObjectHideFlags: 0
  m_CorrespondingSourceObject: {fileID: 0}
  m_PrefabInstance: {fileID: 0}
  m_PrefabAsset: {fileID: 0}
  serializedVersion: 6
  m_Component:
  - component: {fileID: 3845711266988692335}
  - component: {fileID: 6117348840496522589}
  - component: {fileID: 4386235935254735303}
  - component: {fileID: 8679534660249693975}
  m_Layer: 5
  m_Name: Viewport
  m_TagString: Untagged
  m_Icon: {fileID: 0}
  m_NavMeshLayer: 0
  m_StaticEditorFlags: 0
  m_IsActive: 1
--- !u!224 &3845711266988692335
RectTransform:
  m_ObjectHideFlags: 0
  m_CorrespondingSourceObject: {fileID: 0}
  m_PrefabInstance: {fileID: 0}
  m_PrefabAsset: {fileID: 0}
  m_GameObject: {fileID: 3448732613515361257}
  m_LocalRotation: {x: -0, y: -0, z: -0, w: 1}
  m_LocalPosition: {x: 0, y: 0, z: 0}
  m_LocalScale: {x: 1, y: 1, z: 1}
  m_Children:
  - {fileID: 7088082325271499033}
  m_Father: {fileID: 5626650085472672290}
  m_RootOrder: 0
  m_LocalEulerAnglesHint: {x: 0, y: 0, z: 0}
  m_AnchorMin: {x: 0, y: 0}
  m_AnchorMax: {x: 1, y: 1}
  m_AnchoredPosition: {x: 0, y: 0}
  m_SizeDelta: {x: -7, y: 0}
  m_Pivot: {x: 0, y: 1}
--- !u!222 &6117348840496522589
CanvasRenderer:
  m_ObjectHideFlags: 0
  m_CorrespondingSourceObject: {fileID: 0}
  m_PrefabInstance: {fileID: 0}
  m_PrefabAsset: {fileID: 0}
  m_GameObject: {fileID: 3448732613515361257}
  m_CullTransparentMesh: 1
--- !u!114 &4386235935254735303
MonoBehaviour:
  m_ObjectHideFlags: 0
  m_CorrespondingSourceObject: {fileID: 0}
  m_PrefabInstance: {fileID: 0}
  m_PrefabAsset: {fileID: 0}
  m_GameObject: {fileID: 3448732613515361257}
  m_Enabled: 1
  m_EditorHideFlags: 0
  m_Script: {fileID: 11500000, guid: fe87c0e1cc204ed48ad3b37840f39efc, type: 3}
  m_Name: 
  m_EditorClassIdentifier: 
  m_Material: {fileID: 0}
  m_Color: {r: 1, g: 1, b: 1, a: 0.50980395}
  m_RaycastTarget: 1
  m_RaycastPadding: {x: 0, y: 0, z: 0, w: 0}
  m_Maskable: 1
  m_OnCullStateChanged:
    m_PersistentCalls:
      m_Calls: []
  m_Sprite: {fileID: 10917, guid: 0000000000000000f000000000000000, type: 0}
  m_Type: 1
  m_PreserveAspect: 0
  m_FillCenter: 1
  m_FillMethod: 4
  m_FillAmount: 1
  m_FillClockwise: 1
  m_FillOrigin: 0
  m_UseSpriteMesh: 0
  m_PixelsPerUnitMultiplier: 1
--- !u!114 &8679534660249693975
MonoBehaviour:
  m_ObjectHideFlags: 0
  m_CorrespondingSourceObject: {fileID: 0}
  m_PrefabInstance: {fileID: 0}
  m_PrefabAsset: {fileID: 0}
  m_GameObject: {fileID: 3448732613515361257}
  m_Enabled: 1
  m_EditorHideFlags: 0
  m_Script: {fileID: 11500000, guid: 31a19414c41e5ae4aae2af33fee712f6, type: 3}
  m_Name: 
  m_EditorClassIdentifier: 
  m_ShowMaskGraphic: 0
--- !u!1 &4815435727212049936
GameObject:
  m_ObjectHideFlags: 0
  m_CorrespondingSourceObject: {fileID: 0}
  m_PrefabInstance: {fileID: 0}
  m_PrefabAsset: {fileID: 0}
  serializedVersion: 6
  m_Component:
  - component: {fileID: 7667794756913353261}
  m_Layer: 5
  m_Name: Sliding Area
  m_TagString: Untagged
  m_Icon: {fileID: 0}
  m_NavMeshLayer: 0
  m_StaticEditorFlags: 0
  m_IsActive: 1
--- !u!224 &7667794756913353261
RectTransform:
  m_ObjectHideFlags: 0
  m_CorrespondingSourceObject: {fileID: 0}
  m_PrefabInstance: {fileID: 0}
  m_PrefabAsset: {fileID: 0}
  m_GameObject: {fileID: 4815435727212049936}
  m_LocalRotation: {x: -0, y: -0, z: -0, w: 1}
  m_LocalPosition: {x: 0, y: 0, z: 0}
  m_LocalScale: {x: 1, y: 1, z: 1}
  m_Children:
  - {fileID: 1573446850145535039}
  m_Father: {fileID: 2028255539715589550}
  m_RootOrder: 0
  m_LocalEulerAnglesHint: {x: 0, y: 0, z: 0}
  m_AnchorMin: {x: 0, y: 0}
  m_AnchorMax: {x: 1, y: 1}
  m_AnchoredPosition: {x: 0, y: 0}
  m_SizeDelta: {x: -20, y: -20}
  m_Pivot: {x: 0.5, y: 0.5}
--- !u!1 &5446815119004599962
GameObject:
  m_ObjectHideFlags: 0
  m_CorrespondingSourceObject: {fileID: 0}
  m_PrefabInstance: {fileID: 0}
  m_PrefabAsset: {fileID: 0}
  serializedVersion: 6
  m_Component:
  - component: {fileID: 7088082325271499033}
  - component: {fileID: 6529998288845982744}
  - component: {fileID: 2571341081517503578}
  - component: {fileID: 2686077343290097227}
  m_Layer: 5
  m_Name: Content
  m_TagString: Untagged
  m_Icon: {fileID: 0}
  m_NavMeshLayer: 0
  m_StaticEditorFlags: 0
  m_IsActive: 1
--- !u!224 &7088082325271499033
RectTransform:
  m_ObjectHideFlags: 0
  m_CorrespondingSourceObject: {fileID: 0}
  m_PrefabInstance: {fileID: 0}
  m_PrefabAsset: {fileID: 0}
  m_GameObject: {fileID: 5446815119004599962}
  m_LocalRotation: {x: -0, y: -0, z: -0, w: 1}
  m_LocalPosition: {x: 0, y: 0, z: 0}
  m_LocalScale: {x: 1, y: 1, z: 1}
  m_Children:
  - {fileID: 6480068456009344622}
  - {fileID: 5793298540102597185}
  - {fileID: 4531468411157386061}
  m_Father: {fileID: 3845711266988692335}
  m_RootOrder: 0
  m_LocalEulerAnglesHint: {x: 0, y: 0, z: 0}
  m_AnchorMin: {x: 0, y: 1}
  m_AnchorMax: {x: 1, y: 1}
  m_AnchoredPosition: {x: 0, y: 0}
  m_SizeDelta: {x: 0, y: 0}
  m_Pivot: {x: 0, y: 1}
--- !u!114 &6529998288845982744
MonoBehaviour:
  m_ObjectHideFlags: 0
  m_CorrespondingSourceObject: {fileID: 0}
  m_PrefabInstance: {fileID: 0}
  m_PrefabAsset: {fileID: 0}
  m_GameObject: {fileID: 5446815119004599962}
  m_Enabled: 1
  m_EditorHideFlags: 0
  m_Script: {fileID: 11500000, guid: 59f8146938fff824cb5fd77236b75775, type: 3}
  m_Name: 
  m_EditorClassIdentifier: 
  m_Padding:
    m_Left: 50
    m_Right: 50
    m_Top: 50
    m_Bottom: 50
  m_ChildAlignment: 4
  m_Spacing: 50
  m_ChildForceExpandWidth: 1
  m_ChildForceExpandHeight: 1
  m_ChildControlWidth: 1
  m_ChildControlHeight: 0
  m_ChildScaleWidth: 0
  m_ChildScaleHeight: 0
  m_ReverseArrangement: 0
--- !u!114 &2571341081517503578
MonoBehaviour:
  m_ObjectHideFlags: 0
  m_CorrespondingSourceObject: {fileID: 0}
  m_PrefabInstance: {fileID: 0}
  m_PrefabAsset: {fileID: 0}
  m_GameObject: {fileID: 5446815119004599962}
  m_Enabled: 1
  m_EditorHideFlags: 0
  m_Script: {fileID: 11500000, guid: 3245ec927659c4140ac4f8d17403cc18, type: 3}
  m_Name: 
  m_EditorClassIdentifier: 
  m_HorizontalFit: 0
  m_VerticalFit: 2
--- !u!114 &2686077343290097227
MonoBehaviour:
  m_ObjectHideFlags: 0
  m_CorrespondingSourceObject: {fileID: 0}
  m_PrefabInstance: {fileID: 0}
  m_PrefabAsset: {fileID: 0}
  m_GameObject: {fileID: 5446815119004599962}
  m_Enabled: 1
  m_EditorHideFlags: 0
  m_Script: {fileID: 11500000, guid: 9841087d97cb4330b94fb62560748cb6, type: 3}
  m_Name: 
  m_EditorClassIdentifier: 
--- !u!1 &6603209134250673174
GameObject:
  m_ObjectHideFlags: 0
  m_CorrespondingSourceObject: {fileID: 0}
  m_PrefabInstance: {fileID: 0}
  m_PrefabAsset: {fileID: 0}
  serializedVersion: 6
  m_Component:
  - component: {fileID: 5626650085472672290}
  - component: {fileID: 4979375442129594324}
  - component: {fileID: 5622563966849878987}
  - component: {fileID: 8479753506122556676}
  m_Layer: 5
  m_Name: Scroll View
  m_TagString: Untagged
  m_Icon: {fileID: 0}
  m_NavMeshLayer: 0
  m_StaticEditorFlags: 0
  m_IsActive: 1
--- !u!224 &5626650085472672290
RectTransform:
  m_ObjectHideFlags: 0
  m_CorrespondingSourceObject: {fileID: 0}
  m_PrefabInstance: {fileID: 0}
  m_PrefabAsset: {fileID: 0}
  m_GameObject: {fileID: 6603209134250673174}
  m_LocalRotation: {x: -0, y: -0, z: -0, w: 1}
  m_LocalPosition: {x: 0, y: 0, z: 0}
  m_LocalScale: {x: 1, y: 1, z: 1}
  m_Children:
  - {fileID: 3845711266988692335}
  - {fileID: 2028255539715589550}
  m_Father: {fileID: 3258416638238823039}
  m_RootOrder: 0
  m_LocalEulerAnglesHint: {x: 0, y: 0, z: 0}
  m_AnchorMin: {x: 0, y: 0}
  m_AnchorMax: {x: 1, y: 1}
  m_AnchoredPosition: {x: 0, y: 0}
  m_SizeDelta: {x: 0, y: 0}
  m_Pivot: {x: 0.5, y: 0.5}
--- !u!222 &4979375442129594324
CanvasRenderer:
  m_ObjectHideFlags: 0
  m_CorrespondingSourceObject: {fileID: 0}
  m_PrefabInstance: {fileID: 0}
  m_PrefabAsset: {fileID: 0}
  m_GameObject: {fileID: 6603209134250673174}
  m_CullTransparentMesh: 1
--- !u!114 &5622563966849878987
MonoBehaviour:
  m_ObjectHideFlags: 0
  m_CorrespondingSourceObject: {fileID: 0}
  m_PrefabInstance: {fileID: 0}
  m_PrefabAsset: {fileID: 0}
  m_GameObject: {fileID: 6603209134250673174}
  m_Enabled: 1
  m_EditorHideFlags: 0
  m_Script: {fileID: 11500000, guid: fe87c0e1cc204ed48ad3b37840f39efc, type: 3}
  m_Name: 
  m_EditorClassIdentifier: 
  m_Material: {fileID: 0}
  m_Color: {r: 1, g: 1, b: 1, a: 0}
  m_RaycastTarget: 1
  m_RaycastPadding: {x: 0, y: 0, z: 0, w: 0}
  m_Maskable: 1
  m_OnCullStateChanged:
    m_PersistentCalls:
      m_Calls: []
  m_Sprite: {fileID: 10907, guid: 0000000000000000f000000000000000, type: 0}
  m_Type: 1
  m_PreserveAspect: 0
  m_FillCenter: 1
  m_FillMethod: 4
  m_FillAmount: 1
  m_FillClockwise: 1
  m_FillOrigin: 0
  m_UseSpriteMesh: 0
  m_PixelsPerUnitMultiplier: 1
--- !u!114 &8479753506122556676
MonoBehaviour:
  m_ObjectHideFlags: 0
  m_CorrespondingSourceObject: {fileID: 0}
  m_PrefabInstance: {fileID: 0}
  m_PrefabAsset: {fileID: 0}
  m_GameObject: {fileID: 6603209134250673174}
  m_Enabled: 1
  m_EditorHideFlags: 0
  m_Script: {fileID: 11500000, guid: 1aa08ab6e0800fa44ae55d278d1423e3, type: 3}
  m_Name: 
  m_EditorClassIdentifier: 
  m_Content: {fileID: 7088082325271499033}
  m_Horizontal: 0
  m_Vertical: 1
  m_MovementType: 1
  m_Elasticity: 0.1
  m_Inertia: 1
  m_DecelerationRate: 0.135
  m_ScrollSensitivity: 1
  m_Viewport: {fileID: 3845711266988692335}
  m_HorizontalScrollbar: {fileID: 0}
  m_VerticalScrollbar: {fileID: 2766160917251113638}
  m_HorizontalScrollbarVisibility: 2
  m_VerticalScrollbarVisibility: 1
  m_HorizontalScrollbarSpacing: -3
  m_VerticalScrollbarSpacing: -3
  m_OnValueChanged:
    m_PersistentCalls:
      m_Calls: []
--- !u!1 &7793768872479262646
GameObject:
  m_ObjectHideFlags: 0
  m_CorrespondingSourceObject: {fileID: 0}
  m_PrefabInstance: {fileID: 0}
  m_PrefabAsset: {fileID: 0}
  serializedVersion: 6
  m_Component:
  - component: {fileID: 2028255539715589550}
  - component: {fileID: 7692625216430549305}
  - component: {fileID: 3847480345356834762}
  - component: {fileID: 2766160917251113638}
  m_Layer: 5
  m_Name: Scrollbar Vertical
  m_TagString: Untagged
  m_Icon: {fileID: 0}
  m_NavMeshLayer: 0
  m_StaticEditorFlags: 0
  m_IsActive: 1
--- !u!224 &2028255539715589550
RectTransform:
  m_ObjectHideFlags: 0
  m_CorrespondingSourceObject: {fileID: 0}
  m_PrefabInstance: {fileID: 0}
  m_PrefabAsset: {fileID: 0}
  m_GameObject: {fileID: 7793768872479262646}
  m_LocalRotation: {x: -0, y: -0, z: -0, w: 1}
  m_LocalPosition: {x: 0, y: 0, z: 0}
  m_LocalScale: {x: 1, y: 1, z: 1}
  m_Children:
  - {fileID: 7667794756913353261}
  m_Father: {fileID: 5626650085472672290}
  m_RootOrder: 1
  m_LocalEulerAnglesHint: {x: 0, y: 0, z: 0}
  m_AnchorMin: {x: 1, y: 0}
  m_AnchorMax: {x: 1, y: 1}
  m_AnchoredPosition: {x: 0, y: 0}
  m_SizeDelta: {x: 10, y: 0}
  m_Pivot: {x: 1, y: 1}
--- !u!222 &7692625216430549305
CanvasRenderer:
  m_ObjectHideFlags: 0
  m_CorrespondingSourceObject: {fileID: 0}
  m_PrefabInstance: {fileID: 0}
  m_PrefabAsset: {fileID: 0}
  m_GameObject: {fileID: 7793768872479262646}
  m_CullTransparentMesh: 1
--- !u!114 &3847480345356834762
MonoBehaviour:
  m_ObjectHideFlags: 0
  m_CorrespondingSourceObject: {fileID: 0}
  m_PrefabInstance: {fileID: 0}
  m_PrefabAsset: {fileID: 0}
  m_GameObject: {fileID: 7793768872479262646}
  m_Enabled: 1
  m_EditorHideFlags: 0
  m_Script: {fileID: 11500000, guid: fe87c0e1cc204ed48ad3b37840f39efc, type: 3}
  m_Name: 
  m_EditorClassIdentifier: 
  m_Material: {fileID: 0}
  m_Color: {r: 1, g: 1, b: 1, a: 1}
  m_RaycastTarget: 1
  m_RaycastPadding: {x: 0, y: 0, z: 0, w: 0}
  m_Maskable: 1
  m_OnCullStateChanged:
    m_PersistentCalls:
      m_Calls: []
  m_Sprite: {fileID: 10907, guid: 0000000000000000f000000000000000, type: 0}
  m_Type: 1
  m_PreserveAspect: 0
  m_FillCenter: 1
  m_FillMethod: 4
  m_FillAmount: 1
  m_FillClockwise: 1
  m_FillOrigin: 0
  m_UseSpriteMesh: 0
  m_PixelsPerUnitMultiplier: 1
--- !u!114 &2766160917251113638
MonoBehaviour:
  m_ObjectHideFlags: 0
  m_CorrespondingSourceObject: {fileID: 0}
  m_PrefabInstance: {fileID: 0}
  m_PrefabAsset: {fileID: 0}
  m_GameObject: {fileID: 7793768872479262646}
  m_Enabled: 1
  m_EditorHideFlags: 0
  m_Script: {fileID: 11500000, guid: 2a4db7a114972834c8e4117be1d82ba3, type: 3}
  m_Name: 
  m_EditorClassIdentifier: 
  m_Navigation:
    m_Mode: 3
    m_WrapAround: 0
    m_SelectOnUp: {fileID: 0}
    m_SelectOnDown: {fileID: 0}
    m_SelectOnLeft: {fileID: 0}
    m_SelectOnRight: {fileID: 0}
  m_Transition: 1
  m_Colors:
    m_NormalColor: {r: 1, g: 1, b: 1, a: 1}
    m_HighlightedColor: {r: 0.9607843, g: 0.9607843, b: 0.9607843, a: 1}
    m_PressedColor: {r: 0.78431374, g: 0.78431374, b: 0.78431374, a: 1}
    m_SelectedColor: {r: 0.9607843, g: 0.9607843, b: 0.9607843, a: 1}
    m_DisabledColor: {r: 0.78431374, g: 0.78431374, b: 0.78431374, a: 0.5019608}
    m_ColorMultiplier: 1
    m_FadeDuration: 0.1
  m_SpriteState:
    m_HighlightedSprite: {fileID: 0}
    m_PressedSprite: {fileID: 0}
    m_SelectedSprite: {fileID: 0}
    m_DisabledSprite: {fileID: 0}
  m_AnimationTriggers:
    m_NormalTrigger: Normal
    m_HighlightedTrigger: Highlighted
    m_PressedTrigger: Pressed
    m_SelectedTrigger: Selected
    m_DisabledTrigger: Disabled
  m_Interactable: 1
  m_TargetGraphic: {fileID: 3268713933192378280}
  m_HandleRect: {fileID: 1573446850145535039}
  m_Direction: 2
  m_Value: 0
  m_Size: 1
  m_NumberOfSteps: 0
  m_OnValueChanged:
    m_PersistentCalls:
      m_Calls: []
--- !u!1 &8361385168871321957
GameObject:
  m_ObjectHideFlags: 0
  m_CorrespondingSourceObject: {fileID: 0}
  m_PrefabInstance: {fileID: 0}
  m_PrefabAsset: {fileID: 0}
  serializedVersion: 6
  m_Component:
  - component: {fileID: 1573446850145535039}
  - component: {fileID: 7461481389513479175}
  - component: {fileID: 3268713933192378280}
  m_Layer: 5
  m_Name: Handle
  m_TagString: Untagged
  m_Icon: {fileID: 0}
  m_NavMeshLayer: 0
  m_StaticEditorFlags: 0
  m_IsActive: 1
--- !u!224 &1573446850145535039
RectTransform:
  m_ObjectHideFlags: 0
  m_CorrespondingSourceObject: {fileID: 0}
  m_PrefabInstance: {fileID: 0}
  m_PrefabAsset: {fileID: 0}
  m_GameObject: {fileID: 8361385168871321957}
  m_LocalRotation: {x: -0, y: -0, z: -0, w: 1}
  m_LocalPosition: {x: 0, y: 0, z: 0}
  m_LocalScale: {x: 1, y: 1, z: 1}
  m_Children: []
  m_Father: {fileID: 7667794756913353261}
  m_RootOrder: 0
  m_LocalEulerAnglesHint: {x: 0, y: 0, z: 0}
  m_AnchorMin: {x: 0, y: 0}
  m_AnchorMax: {x: 0, y: 0}
  m_AnchoredPosition: {x: 0, y: 0}
  m_SizeDelta: {x: 20, y: 20}
  m_Pivot: {x: 0.5, y: 0.5}
--- !u!222 &7461481389513479175
CanvasRenderer:
  m_ObjectHideFlags: 0
  m_CorrespondingSourceObject: {fileID: 0}
  m_PrefabInstance: {fileID: 0}
  m_PrefabAsset: {fileID: 0}
  m_GameObject: {fileID: 8361385168871321957}
  m_CullTransparentMesh: 1
--- !u!114 &3268713933192378280
MonoBehaviour:
  m_ObjectHideFlags: 0
  m_CorrespondingSourceObject: {fileID: 0}
  m_PrefabInstance: {fileID: 0}
  m_PrefabAsset: {fileID: 0}
  m_GameObject: {fileID: 8361385168871321957}
  m_Enabled: 1
  m_EditorHideFlags: 0
  m_Script: {fileID: 11500000, guid: fe87c0e1cc204ed48ad3b37840f39efc, type: 3}
  m_Name: 
  m_EditorClassIdentifier: 
  m_Material: {fileID: 0}
  m_Color: {r: 1, g: 1, b: 1, a: 1}
  m_RaycastTarget: 1
  m_RaycastPadding: {x: 0, y: 0, z: 0, w: 0}
  m_Maskable: 1
  m_OnCullStateChanged:
    m_PersistentCalls:
      m_Calls: []
  m_Sprite: {fileID: 10905, guid: 0000000000000000f000000000000000, type: 0}
  m_Type: 1
  m_PreserveAspect: 0
  m_FillCenter: 1
  m_FillMethod: 4
  m_FillAmount: 1
  m_FillClockwise: 1
  m_FillOrigin: 0
  m_UseSpriteMesh: 0
  m_PixelsPerUnitMultiplier: 1
--- !u!1001 &1332994278486205325
PrefabInstance:
  m_ObjectHideFlags: 0
  serializedVersion: 2
  m_Modification:
    m_TransformParent: {fileID: 7088082325271499033}
    m_Modifications:
    - target: {fileID: 2435697842254013084, guid: 871dded4e364e415193715eb32494101, type: 3}
      propertyPath: m_Name
      value: LevelUIItem
      objectReference: {fileID: 0}
    - target: {fileID: 5445534567172326883, guid: 871dded4e364e415193715eb32494101, type: 3}
      propertyPath: m_Pivot.x
      value: 0.5
      objectReference: {fileID: 0}
    - target: {fileID: 5445534567172326883, guid: 871dded4e364e415193715eb32494101, type: 3}
      propertyPath: m_Pivot.y
      value: 0.5
      objectReference: {fileID: 0}
    - target: {fileID: 5445534567172326883, guid: 871dded4e364e415193715eb32494101, type: 3}
      propertyPath: m_RootOrder
      value: 0
      objectReference: {fileID: 0}
    - target: {fileID: 5445534567172326883, guid: 871dded4e364e415193715eb32494101, type: 3}
      propertyPath: m_AnchorMax.x
      value: 0
      objectReference: {fileID: 0}
    - target: {fileID: 5445534567172326883, guid: 871dded4e364e415193715eb32494101, type: 3}
      propertyPath: m_AnchorMax.y
      value: 1
      objectReference: {fileID: 0}
    - target: {fileID: 5445534567172326883, guid: 871dded4e364e415193715eb32494101, type: 3}
      propertyPath: m_AnchorMin.x
      value: 0
      objectReference: {fileID: 0}
    - target: {fileID: 5445534567172326883, guid: 871dded4e364e415193715eb32494101, type: 3}
      propertyPath: m_AnchorMin.y
      value: 1
      objectReference: {fileID: 0}
    - target: {fileID: 5445534567172326883, guid: 871dded4e364e415193715eb32494101, type: 3}
      propertyPath: m_SizeDelta.x
      value: 2053
      objectReference: {fileID: 0}
    - target: {fileID: 5445534567172326883, guid: 871dded4e364e415193715eb32494101, type: 3}
      propertyPath: m_SizeDelta.y
      value: 625.52
      objectReference: {fileID: 0}
    - target: {fileID: 5445534567172326883, guid: 871dded4e364e415193715eb32494101, type: 3}
      propertyPath: m_LocalPosition.x
      value: 0
      objectReference: {fileID: 0}
    - target: {fileID: 5445534567172326883, guid: 871dded4e364e415193715eb32494101, type: 3}
      propertyPath: m_LocalPosition.y
      value: 0
      objectReference: {fileID: 0}
    - target: {fileID: 5445534567172326883, guid: 871dded4e364e415193715eb32494101, type: 3}
      propertyPath: m_LocalPosition.z
      value: 0
      objectReference: {fileID: 0}
    - target: {fileID: 5445534567172326883, guid: 871dded4e364e415193715eb32494101, type: 3}
      propertyPath: m_LocalRotation.w
      value: 1
      objectReference: {fileID: 0}
    - target: {fileID: 5445534567172326883, guid: 871dded4e364e415193715eb32494101, type: 3}
      propertyPath: m_LocalRotation.x
      value: 0
      objectReference: {fileID: 0}
    - target: {fileID: 5445534567172326883, guid: 871dded4e364e415193715eb32494101, type: 3}
      propertyPath: m_LocalRotation.y
      value: 0
      objectReference: {fileID: 0}
    - target: {fileID: 5445534567172326883, guid: 871dded4e364e415193715eb32494101, type: 3}
      propertyPath: m_LocalRotation.z
      value: 0
      objectReference: {fileID: 0}
    - target: {fileID: 5445534567172326883, guid: 871dded4e364e415193715eb32494101, type: 3}
      propertyPath: m_AnchoredPosition.x
      value: 1076.5
      objectReference: {fileID: 0}
    - target: {fileID: 5445534567172326883, guid: 871dded4e364e415193715eb32494101, type: 3}
      propertyPath: m_AnchoredPosition.y
      value: -362.76
      objectReference: {fileID: 0}
    - target: {fileID: 5445534567172326883, guid: 871dded4e364e415193715eb32494101, type: 3}
      propertyPath: m_LocalEulerAnglesHint.x
      value: 0
      objectReference: {fileID: 0}
    - target: {fileID: 5445534567172326883, guid: 871dded4e364e415193715eb32494101, type: 3}
      propertyPath: m_LocalEulerAnglesHint.y
      value: 0
      objectReference: {fileID: 0}
    - target: {fileID: 5445534567172326883, guid: 871dded4e364e415193715eb32494101, type: 3}
      propertyPath: m_LocalEulerAnglesHint.z
      value: 0
      objectReference: {fileID: 0}
    - target: {fileID: 8377136009856864428, guid: 871dded4e364e415193715eb32494101, type: 3}
      propertyPath: m_AnchoredPosition.x
      value: 18.60315
      objectReference: {fileID: 0}
    m_RemovedComponents: []
  m_SourcePrefab: {fileID: 100100000, guid: 871dded4e364e415193715eb32494101, type: 3}
--- !u!224 &6480068456009344622 stripped
RectTransform:
  m_CorrespondingSourceObject: {fileID: 5445534567172326883, guid: 871dded4e364e415193715eb32494101, type: 3}
  m_PrefabInstance: {fileID: 1332994278486205325}
  m_PrefabAsset: {fileID: 0}
--- !u!1001 &2015222868848181154
PrefabInstance:
  m_ObjectHideFlags: 0
  serializedVersion: 2
  m_Modification:
    m_TransformParent: {fileID: 7088082325271499033}
    m_Modifications:
    - target: {fileID: 2435697842254013084, guid: 871dded4e364e415193715eb32494101, type: 3}
      propertyPath: m_Name
      value: LevelUIItem (1)
      objectReference: {fileID: 0}
    - target: {fileID: 5445534567172326883, guid: 871dded4e364e415193715eb32494101, type: 3}
      propertyPath: m_Pivot.x
      value: 0.5
      objectReference: {fileID: 0}
    - target: {fileID: 5445534567172326883, guid: 871dded4e364e415193715eb32494101, type: 3}
      propertyPath: m_Pivot.y
      value: 0.5
      objectReference: {fileID: 0}
    - target: {fileID: 5445534567172326883, guid: 871dded4e364e415193715eb32494101, type: 3}
      propertyPath: m_RootOrder
      value: 1
      objectReference: {fileID: 0}
    - target: {fileID: 5445534567172326883, guid: 871dded4e364e415193715eb32494101, type: 3}
      propertyPath: m_AnchorMax.x
      value: 0
      objectReference: {fileID: 0}
    - target: {fileID: 5445534567172326883, guid: 871dded4e364e415193715eb32494101, type: 3}
      propertyPath: m_AnchorMax.y
      value: 1
      objectReference: {fileID: 0}
    - target: {fileID: 5445534567172326883, guid: 871dded4e364e415193715eb32494101, type: 3}
      propertyPath: m_AnchorMin.x
      value: 0
      objectReference: {fileID: 0}
    - target: {fileID: 5445534567172326883, guid: 871dded4e364e415193715eb32494101, type: 3}
      propertyPath: m_AnchorMin.y
      value: 1
      objectReference: {fileID: 0}
    - target: {fileID: 5445534567172326883, guid: 871dded4e364e415193715eb32494101, type: 3}
      propertyPath: m_SizeDelta.x
      value: 2053
      objectReference: {fileID: 0}
    - target: {fileID: 5445534567172326883, guid: 871dded4e364e415193715eb32494101, type: 3}
      propertyPath: m_SizeDelta.y
      value: 625.52
      objectReference: {fileID: 0}
    - target: {fileID: 5445534567172326883, guid: 871dded4e364e415193715eb32494101, type: 3}
      propertyPath: m_LocalPosition.x
      value: 0
      objectReference: {fileID: 0}
    - target: {fileID: 5445534567172326883, guid: 871dded4e364e415193715eb32494101, type: 3}
      propertyPath: m_LocalPosition.y
      value: 0
      objectReference: {fileID: 0}
    - target: {fileID: 5445534567172326883, guid: 871dded4e364e415193715eb32494101, type: 3}
      propertyPath: m_LocalPosition.z
      value: 0
      objectReference: {fileID: 0}
    - target: {fileID: 5445534567172326883, guid: 871dded4e364e415193715eb32494101, type: 3}
      propertyPath: m_LocalRotation.w
      value: 1
      objectReference: {fileID: 0}
    - target: {fileID: 5445534567172326883, guid: 871dded4e364e415193715eb32494101, type: 3}
      propertyPath: m_LocalRotation.x
      value: 0
      objectReference: {fileID: 0}
    - target: {fileID: 5445534567172326883, guid: 871dded4e364e415193715eb32494101, type: 3}
      propertyPath: m_LocalRotation.y
      value: 0
      objectReference: {fileID: 0}
    - target: {fileID: 5445534567172326883, guid: 871dded4e364e415193715eb32494101, type: 3}
      propertyPath: m_LocalRotation.z
      value: 0
      objectReference: {fileID: 0}
    - target: {fileID: 5445534567172326883, guid: 871dded4e364e415193715eb32494101, type: 3}
      propertyPath: m_AnchoredPosition.x
      value: 1076.5
      objectReference: {fileID: 0}
    - target: {fileID: 5445534567172326883, guid: 871dded4e364e415193715eb32494101, type: 3}
      propertyPath: m_AnchoredPosition.y
      value: -1038.28
      objectReference: {fileID: 0}
    - target: {fileID: 5445534567172326883, guid: 871dded4e364e415193715eb32494101, type: 3}
      propertyPath: m_LocalEulerAnglesHint.x
      value: 0
      objectReference: {fileID: 0}
    - target: {fileID: 5445534567172326883, guid: 871dded4e364e415193715eb32494101, type: 3}
      propertyPath: m_LocalEulerAnglesHint.y
      value: 0
      objectReference: {fileID: 0}
    - target: {fileID: 5445534567172326883, guid: 871dded4e364e415193715eb32494101, type: 3}
      propertyPath: m_LocalEulerAnglesHint.z
      value: 0
      objectReference: {fileID: 0}
    - target: {fileID: 8377136009856864428, guid: 871dded4e364e415193715eb32494101, type: 3}
      propertyPath: m_AnchoredPosition.x
      value: 18.60315
      objectReference: {fileID: 0}
    m_RemovedComponents: []
  m_SourcePrefab: {fileID: 100100000, guid: 871dded4e364e415193715eb32494101, type: 3}
--- !u!224 &5793298540102597185 stripped
RectTransform:
  m_CorrespondingSourceObject: {fileID: 5445534567172326883, guid: 871dded4e364e415193715eb32494101, type: 3}
  m_PrefabInstance: {fileID: 2015222868848181154}
  m_PrefabAsset: {fileID: 0}
--- !u!1001 &7038444502511004789
PrefabInstance:
  m_ObjectHideFlags: 0
  serializedVersion: 2
  m_Modification:
    m_TransformParent: {fileID: 0}
    m_Modifications:
    - target: {fileID: 5518505282709929481, guid: e4058c53b1d224f198c1357ea8602d47, type: 3}
      propertyPath: isVisibleOnStart
      value: 1
      objectReference: {fileID: 0}
    - target: {fileID: 5518505282709929482, guid: e4058c53b1d224f198c1357ea8602d47, type: 3}
      propertyPath: m_Pivot.x
      value: 0.5
      objectReference: {fileID: 0}
    - target: {fileID: 5518505282709929482, guid: e4058c53b1d224f198c1357ea8602d47, type: 3}
      propertyPath: m_Pivot.y
      value: 0.5
      objectReference: {fileID: 0}
    - target: {fileID: 5518505282709929482, guid: e4058c53b1d224f198c1357ea8602d47, type: 3}
      propertyPath: m_RootOrder
      value: 0
      objectReference: {fileID: 0}
    - target: {fileID: 5518505282709929482, guid: e4058c53b1d224f198c1357ea8602d47, type: 3}
      propertyPath: m_AnchorMax.x
      value: 1
      objectReference: {fileID: 0}
    - target: {fileID: 5518505282709929482, guid: e4058c53b1d224f198c1357ea8602d47, type: 3}
      propertyPath: m_AnchorMax.y
      value: 1
      objectReference: {fileID: 0}
    - target: {fileID: 5518505282709929482, guid: e4058c53b1d224f198c1357ea8602d47, type: 3}
      propertyPath: m_AnchorMin.x
      value: 0
      objectReference: {fileID: 0}
    - target: {fileID: 5518505282709929482, guid: e4058c53b1d224f198c1357ea8602d47, type: 3}
      propertyPath: m_AnchorMin.y
      value: 0
      objectReference: {fileID: 0}
    - target: {fileID: 5518505282709929482, guid: e4058c53b1d224f198c1357ea8602d47, type: 3}
      propertyPath: m_SizeDelta.x
      value: 1080
      objectReference: {fileID: 0}
    - target: {fileID: 5518505282709929482, guid: e4058c53b1d224f198c1357ea8602d47, type: 3}
      propertyPath: m_SizeDelta.y
      value: 1920
      objectReference: {fileID: 0}
    - target: {fileID: 5518505282709929482, guid: e4058c53b1d224f198c1357ea8602d47, type: 3}
      propertyPath: m_LocalPosition.x
      value: 0
      objectReference: {fileID: 0}
    - target: {fileID: 5518505282709929482, guid: e4058c53b1d224f198c1357ea8602d47, type: 3}
      propertyPath: m_LocalPosition.y
      value: 0
      objectReference: {fileID: 0}
    - target: {fileID: 5518505282709929482, guid: e4058c53b1d224f198c1357ea8602d47, type: 3}
      propertyPath: m_LocalPosition.z
      value: 0
      objectReference: {fileID: 0}
    - target: {fileID: 5518505282709929482, guid: e4058c53b1d224f198c1357ea8602d47, type: 3}
      propertyPath: m_LocalRotation.w
      value: 1
      objectReference: {fileID: 0}
    - target: {fileID: 5518505282709929482, guid: e4058c53b1d224f198c1357ea8602d47, type: 3}
      propertyPath: m_LocalRotation.x
      value: 0
      objectReference: {fileID: 0}
    - target: {fileID: 5518505282709929482, guid: e4058c53b1d224f198c1357ea8602d47, type: 3}
      propertyPath: m_LocalRotation.y
      value: 0
      objectReference: {fileID: 0}
    - target: {fileID: 5518505282709929482, guid: e4058c53b1d224f198c1357ea8602d47, type: 3}
      propertyPath: m_LocalRotation.z
      value: 0
      objectReference: {fileID: 0}
    - target: {fileID: 5518505282709929482, guid: e4058c53b1d224f198c1357ea8602d47, type: 3}
      propertyPath: m_AnchoredPosition.x
      value: 0
      objectReference: {fileID: 0}
    - target: {fileID: 5518505282709929482, guid: e4058c53b1d224f198c1357ea8602d47, type: 3}
      propertyPath: m_AnchoredPosition.y
      value: 0
      objectReference: {fileID: 0}
    - target: {fileID: 5518505282709929482, guid: e4058c53b1d224f198c1357ea8602d47, type: 3}
      propertyPath: m_LocalEulerAnglesHint.x
      value: 0
      objectReference: {fileID: 0}
    - target: {fileID: 5518505282709929482, guid: e4058c53b1d224f198c1357ea8602d47, type: 3}
      propertyPath: m_LocalEulerAnglesHint.y
      value: 0
      objectReference: {fileID: 0}
    - target: {fileID: 5518505282709929482, guid: e4058c53b1d224f198c1357ea8602d47, type: 3}
      propertyPath: m_LocalEulerAnglesHint.z
      value: 0
      objectReference: {fileID: 0}
    - target: {fileID: 5518505282709929483, guid: e4058c53b1d224f198c1357ea8602d47, type: 3}
      propertyPath: m_Name
      value: Page_Levels
      objectReference: {fileID: 0}
    m_RemovedComponents: []
  m_SourcePrefab: {fileID: 100100000, guid: e4058c53b1d224f198c1357ea8602d47, type: 3}
--- !u!1 &3258416638238823038 stripped
GameObject:
  m_CorrespondingSourceObject: {fileID: 5518505282709929483, guid: e4058c53b1d224f198c1357ea8602d47, type: 3}
  m_PrefabInstance: {fileID: 7038444502511004789}
  m_PrefabAsset: {fileID: 0}
--- !u!224 &3258416638238823039 stripped
RectTransform:
  m_CorrespondingSourceObject: {fileID: 5518505282709929482, guid: e4058c53b1d224f198c1357ea8602d47, type: 3}
  m_PrefabInstance: {fileID: 7038444502511004789}
  m_PrefabAsset: {fileID: 0}
--- !u!114 &7542510370255006354
MonoBehaviour:
  m_ObjectHideFlags: 0
  m_CorrespondingSourceObject: {fileID: 0}
  m_PrefabInstance: {fileID: 0}
  m_PrefabAsset: {fileID: 0}
  m_GameObject: {fileID: 3258416638238823038}
  m_Enabled: 1
  m_EditorHideFlags: 0
  m_Script: {fileID: 11500000, guid: 96218ee3e8eb4ffb9dfb25804eb17dd8, type: 3}
  m_Name: 
  m_EditorClassIdentifier: 
  prefabLevelItem: {fileID: 619528220073397813, guid: 871dded4e364e415193715eb32494101, type: 3}
  spawnBox: {fileID: 7088082325271499033}
--- !u!1001 &8462666484237883054
PrefabInstance:
  m_ObjectHideFlags: 0
  serializedVersion: 2
  m_Modification:
    m_TransformParent: {fileID: 7088082325271499033}
    m_Modifications:
    - target: {fileID: 2435697842254013084, guid: 871dded4e364e415193715eb32494101, type: 3}
      propertyPath: m_Name
      value: LevelUIItem (2)
      objectReference: {fileID: 0}
    - target: {fileID: 5445534567172326883, guid: 871dded4e364e415193715eb32494101, type: 3}
      propertyPath: m_Pivot.x
      value: 0.5
      objectReference: {fileID: 0}
    - target: {fileID: 5445534567172326883, guid: 871dded4e364e415193715eb32494101, type: 3}
      propertyPath: m_Pivot.y
      value: 0.5
      objectReference: {fileID: 0}
    - target: {fileID: 5445534567172326883, guid: 871dded4e364e415193715eb32494101, type: 3}
      propertyPath: m_RootOrder
      value: 2
      objectReference: {fileID: 0}
    - target: {fileID: 5445534567172326883, guid: 871dded4e364e415193715eb32494101, type: 3}
      propertyPath: m_AnchorMax.x
      value: 0
      objectReference: {fileID: 0}
    - target: {fileID: 5445534567172326883, guid: 871dded4e364e415193715eb32494101, type: 3}
      propertyPath: m_AnchorMax.y
      value: 1
      objectReference: {fileID: 0}
    - target: {fileID: 5445534567172326883, guid: 871dded4e364e415193715eb32494101, type: 3}
      propertyPath: m_AnchorMin.x
      value: 0
      objectReference: {fileID: 0}
    - target: {fileID: 5445534567172326883, guid: 871dded4e364e415193715eb32494101, type: 3}
      propertyPath: m_AnchorMin.y
      value: 1
      objectReference: {fileID: 0}
    - target: {fileID: 5445534567172326883, guid: 871dded4e364e415193715eb32494101, type: 3}
      propertyPath: m_SizeDelta.x
      value: 2053
      objectReference: {fileID: 0}
    - target: {fileID: 5445534567172326883, guid: 871dded4e364e415193715eb32494101, type: 3}
      propertyPath: m_SizeDelta.y
      value: 625.52
      objectReference: {fileID: 0}
    - target: {fileID: 5445534567172326883, guid: 871dded4e364e415193715eb32494101, type: 3}
      propertyPath: m_LocalPosition.x
      value: 0
      objectReference: {fileID: 0}
    - target: {fileID: 5445534567172326883, guid: 871dded4e364e415193715eb32494101, type: 3}
      propertyPath: m_LocalPosition.y
      value: 0
      objectReference: {fileID: 0}
    - target: {fileID: 5445534567172326883, guid: 871dded4e364e415193715eb32494101, type: 3}
      propertyPath: m_LocalPosition.z
      value: 0
      objectReference: {fileID: 0}
    - target: {fileID: 5445534567172326883, guid: 871dded4e364e415193715eb32494101, type: 3}
      propertyPath: m_LocalRotation.w
      value: 1
      objectReference: {fileID: 0}
    - target: {fileID: 5445534567172326883, guid: 871dded4e364e415193715eb32494101, type: 3}
      propertyPath: m_LocalRotation.x
      value: 0
      objectReference: {fileID: 0}
    - target: {fileID: 5445534567172326883, guid: 871dded4e364e415193715eb32494101, type: 3}
      propertyPath: m_LocalRotation.y
      value: 0
      objectReference: {fileID: 0}
    - target: {fileID: 5445534567172326883, guid: 871dded4e364e415193715eb32494101, type: 3}
      propertyPath: m_LocalRotation.z
      value: 0
      objectReference: {fileID: 0}
    - target: {fileID: 5445534567172326883, guid: 871dded4e364e415193715eb32494101, type: 3}
      propertyPath: m_AnchoredPosition.x
      value: 1076.5
      objectReference: {fileID: 0}
    - target: {fileID: 5445534567172326883, guid: 871dded4e364e415193715eb32494101, type: 3}
      propertyPath: m_AnchoredPosition.y
      value: -1713.8
      objectReference: {fileID: 0}
    - target: {fileID: 5445534567172326883, guid: 871dded4e364e415193715eb32494101, type: 3}
      propertyPath: m_LocalEulerAnglesHint.x
      value: 0
      objectReference: {fileID: 0}
    - target: {fileID: 5445534567172326883, guid: 871dded4e364e415193715eb32494101, type: 3}
      propertyPath: m_LocalEulerAnglesHint.y
      value: 0
      objectReference: {fileID: 0}
    - target: {fileID: 5445534567172326883, guid: 871dded4e364e415193715eb32494101, type: 3}
      propertyPath: m_LocalEulerAnglesHint.z
      value: 0
      objectReference: {fileID: 0}
    - target: {fileID: 8377136009856864428, guid: 871dded4e364e415193715eb32494101, type: 3}
      propertyPath: m_AnchoredPosition.x
      value: 18.60315
      objectReference: {fileID: 0}
    m_RemovedComponents: []
  m_SourcePrefab: {fileID: 100100000, guid: 871dded4e364e415193715eb32494101, type: 3}
--- !u!224 &4531468411157386061 stripped
RectTransform:
  m_CorrespondingSourceObject: {fileID: 5445534567172326883, guid: 871dded4e364e415193715eb32494101, type: 3}
  m_PrefabInstance: {fileID: 8462666484237883054}
  m_PrefabAsset: {fileID: 0}
